
</collection>
<collection xmlns="http://www.loc.gov/MARC21/slim">
<record>
  <controlfield tag="001">281564</controlfield>
  <controlfield tag="003">SzGeCERN</controlfield>
  <controlfield tag="005">20221103091926.0</controlfield>
  <datafield tag="024" ind1="8" ind2=" ">
    <subfield code="a">oai:cds.cern.ch:281564</subfield>
    <subfield code="p">cerncds:FULLTEXT</subfield>
    <subfield code="p">forSciTalks</subfield>
    <subfield code="p">cerncds:TALK</subfield>
    <subfield code="p">cerncds:TALK:FULLTEXT</subfield>
    <subfield code="p">cerncds:MEMORIAV</subfield>
  </datafield>
  <datafield tag="035" ind1=" " ind2=" ">
    <subfield code="a">0201696CERCER</subfield>
  </datafield>
  <datafield tag="041" ind1=" " ind2=" ">
    <subfield code="9">review</subfield>
    <subfield code="a">eng</subfield>
  </datafield>
  <datafield tag="088" ind1=" " ind2=" ">
    <subfield code="9">CERN-VIDEO-C-220-A</subfield>
  </datafield>
  <datafield tag="088" ind1=" " ind2=" ">
    <subfield code="9">CERN-VIDEO-C-220-B</subfield>
  </datafield>
  <datafield tag="088" ind1=" " ind2=" ">
    <subfield code="9">CERN-VIDEO-C-220-C</subfield>
  </datafield>
  <datafield tag="088" ind1=" " ind2=" ">
    <subfield code="9">CERN-VIDEO-C-220-D</subfield>
  </datafield>
  <datafield tag="088" ind1=" " ind2=" ">
    <subfield code="9">CERN-VIDEO-C-220-E</subfield>
  </datafield>
  <datafield tag="088" ind1=" " ind2=" ">
    <subfield code="9">CERN-VIDEO-C-220-F</subfield>
  </datafield>
  <datafield tag="088" ind1=" " ind2=" ">
    <subfield code="9">CERN-VIDEO-C-220-G</subfield>
  </datafield>
  <datafield tag="088" ind1=" " ind2=" ">
    <subfield code="9">CERN-VIDEO-C-220-H</subfield>
  </datafield>
  <datafield tag="088" ind1=" " ind2=" ">
    <subfield code="9">CERN-VIDEO-C-220-I</subfield>
  </datafield>
  <datafield tag="088" ind1=" " ind2=" ">
    <subfield code="9">CERN-VIDEO-C-220-J</subfield>
  </datafield>
  <datafield tag="088" ind1=" " ind2=" ">
    <subfield code="9">CERN-VIDEO-C-220-K</subfield>
  </datafield>
  <datafield tag="100" ind1=" " ind2=" ">
    <subfield code="a">Wilson, Edmund J N</subfield>
  </datafield>
  <datafield tag="245" ind1=" " ind2=" ">
    <subfield code="a">Introduction to particle accelerators</subfield>
  </datafield>
  <datafield tag="250" ind1=" " ind2=" ">
    <subfield code="a">1994 ed.</subfield>
  </datafield>
  <datafield tag="260" ind1=" " ind2=" ">
    <subfield code="a">Geneva</subfield>
    <subfield code="b">CERN</subfield>
    <subfield code="c">1994</subfield>
  </datafield>
  <datafield tag="260" ind1=" " ind2=" ">
    <subfield code="9">review</subfield>
    <subfield code="c">1994</subfield>
  </datafield>
  <datafield tag="260" ind1=" " ind2=" ">
    <subfield code="9">review Mar2021</subfield>
    <subfield code="c">1994</subfield>
    <subfield code="8">c</subfield>
  </datafield>
  <datafield tag="269" ind1=" " ind2=" ">
    <subfield code="c">1994-02-28</subfield>
  </datafield>
  <datafield tag="269" ind1=" " ind2=" ">
    <subfield code="9">review Mar2021</subfield>
    <subfield code="c">1994-02</subfield>
  </datafield>
  <datafield tag="300" ind1=" " ind2=" ">
    <subfield code="b">720x576 4/3, 25</subfield>
  </datafield>
  <datafield tag="300" ind1=" " ind2=" ">
    <subfield code="2">CERN-VIDEO-C-220-A</subfield>
    <subfield code="8">A</subfield>
  </datafield>
  <datafield tag="300" ind1=" " ind2=" ">
    <subfield code="2">CERN-VIDEO-C-220-B</subfield>
    <subfield code="8">B</subfield>
  </datafield>
  <datafield tag="300" ind1=" " ind2=" ">
    <subfield code="2">CERN-VIDEO-C-220-C</subfield>
    <subfield code="8">C</subfield>
  </datafield>
  <datafield tag="300" ind1=" " ind2=" ">
    <subfield code="2">CERN-VIDEO-C-220-D</subfield>
    <subfield code="8">D</subfield>
  </datafield>
  <datafield tag="300" ind1=" " ind2=" ">
    <subfield code="2">CERN-VIDEO-C-220-E</subfield>
    <subfield code="8">E</subfield>
  </datafield>
  <datafield tag="300" ind1=" " ind2=" ">
    <subfield code="2">CERN-VIDEO-C-220-F</subfield>
    <subfield code="8">F</subfield>
  </datafield>
  <datafield tag="300" ind1=" " ind2=" ">
    <subfield code="2">CERN-VIDEO-C-220-G</subfield>
    <subfield code="8">G</subfield>
  </datafield>
  <datafield tag="300" ind1=" " ind2=" ">
    <subfield code="2">CERN-VIDEO-C-220-H</subfield>
    <subfield code="8">H</subfield>
  </datafield>
  <datafield tag="300" ind1=" " ind2=" ">
    <subfield code="2">CERN-VIDEO-C-220-I</subfield>
    <subfield code="8">I</subfield>
  </datafield>
  <datafield tag="300" ind1=" " ind2=" ">
    <subfield code="2">CERN-VIDEO-C-220-J</subfield>
    <subfield code="8">J</subfield>
  </datafield>
  <datafield tag="300" ind1=" " ind2=" ">
    <subfield code="2">CERN-VIDEO-C-220-K</subfield>
    <subfield code="8">K</subfield>
  </datafield>
  <datafield tag="337" ind1=" " ind2=" ">
    <subfield code="a">Video</subfield>
  </datafield>
  <datafield tag="340" ind1=" " ind2=" ">
    <subfield code="a">paper</subfield>
  </datafield>
  <datafield tag="340" ind1=" " ind2=" ">
    <subfield code="8">A</subfield>
    <subfield code="9">WILSON-1</subfield>
    <subfield code="a">Betacam</subfield>
    <subfield code="j">Master</subfield>
    <subfield code="k">19940228</subfield>
  </datafield>
  <datafield tag="340" ind1=" " ind2=" ">
    <subfield code="8">B</subfield>
    <subfield code="9">WILSON-2</subfield>
    <subfield code="a">Betacam</subfield>
    <subfield code="j">Master</subfield>
    <subfield code="k">19940301</subfield>
  </datafield>
  <datafield tag="340" ind1=" " ind2=" ">
    <subfield code="8">C</subfield>
    <subfield code="9">WILSON-3</subfield>
    <subfield code="a">Betacam</subfield>
    <subfield code="j">Master</subfield>
    <subfield code="k">19940302</subfield>
  </datafield>
  <datafield tag="340" ind1=" " ind2=" ">
    <subfield code="8">D</subfield>
    <subfield code="9">WILSON-4</subfield>
    <subfield code="a">Betacam</subfield>
    <subfield code="j">Master</subfield>
    <subfield code="k">19940303</subfield>
  </datafield>
  <datafield tag="340" ind1=" " ind2=" ">
    <subfield code="8">E</subfield>
    <subfield code="9">WILSON-5</subfield>
    <subfield code="a">Betacam</subfield>
    <subfield code="j">Master</subfield>
    <subfield code="k">19940304</subfield>
  </datafield>
  <datafield tag="340" ind1=" " ind2=" ">
    <subfield code="8">F</subfield>
    <subfield code="9">WILSON-6</subfield>
    <subfield code="a">Betacam</subfield>
    <subfield code="j">Master</subfield>
    <subfield code="k">19940307</subfield>
  </datafield>
  <datafield tag="340" ind1=" " ind2=" ">
    <subfield code="8">G</subfield>
    <subfield code="9">WILSON-7</subfield>
    <subfield code="a">Betacam</subfield>
    <subfield code="j">Master</subfield>
    <subfield code="k">19940308</subfield>
  </datafield>
  <datafield tag="340" ind1=" " ind2=" ">
    <subfield code="8">H</subfield>
    <subfield code="9">WILSON-8</subfield>
    <subfield code="a">Betacam</subfield>
    <subfield code="j">Master</subfield>
    <subfield code="k">19940309</subfield>
  </datafield>
  <datafield tag="340" ind1=" " ind2=" ">
    <subfield code="8">I</subfield>
    <subfield code="9">WILSON-9</subfield>
    <subfield code="a">Betacam</subfield>
    <subfield code="j">Master</subfield>
    <subfield code="k">19940310</subfield>
  </datafield>
  <datafield tag="340" ind1=" " ind2=" ">
    <subfield code="8">J</subfield>
    <subfield code="9">WILSON-10</subfield>
    <subfield code="a">Betacam</subfield>
    <subfield code="j">Master</subfield>
    <subfield code="k">19940311</subfield>
  </datafield>
  <datafield tag="340" ind1=" " ind2=" ">
    <subfield code="8">K</subfield>
    <subfield code="9">WILSON-11</subfield>
    <subfield code="a">Betacam</subfield>
    <subfield code="j">Master</subfield>
    <subfield code="k">19940311</subfield>
  </datafield>
  <datafield tag="490" ind1=" " ind2=" ">
    <subfield code="a">CERN Academic Training Lecture</subfield>
    <subfield code="v">295</subfield>
  </datafield>
  <datafield tag="500" ind1=" " ind2=" ">
    <subfield code="a">The video was digitized from its original recording as part of the CERN Digital Memory project</subfield>
  </datafield>
  <datafield tag="511" ind1="1" ind2=" ">
    <subfield code="9">review</subfield>
    <subfield code="8">a</subfield>
    <subfield code="a">Edmund Wilson</subfield>
  </datafield>
  <datafield tag="511" ind1="1" ind2=" ">
    <subfield code="9">review</subfield>
    <subfield code="8">b</subfield>
    <subfield code="a">Edmund Wilson</subfield>
  </datafield>
  <datafield tag="511" ind1="1" ind2=" ">
    <subfield code="9">review</subfield>
    <subfield code="8">d</subfield>
    <subfield code="a">Edmund Wilson</subfield>
  </datafield>
  <datafield tag="511" ind1="1" ind2=" ">
    <subfield code="9">review</subfield>
    <subfield code="8">e</subfield>
    <subfield code="a">Edmund Wilson</subfield>
  </datafield>
  <datafield tag="511" ind1="1" ind2=" ">
    <subfield code="9">review</subfield>
    <subfield code="8">f</subfield>
    <subfield code="a">Edmund Wilson</subfield>
  </datafield>
  <datafield tag="511" ind1="1" ind2=" ">
    <subfield code="9">review</subfield>
    <subfield code="8">g</subfield>
    <subfield code="a">Edmund Wilson</subfield>
  </datafield>
  <datafield tag="511" ind1="1" ind2=" ">
    <subfield code="9">review</subfield>
    <subfield code="8">h</subfield>
    <subfield code="a">Edmund Wilson</subfield>
  </datafield>
  <datafield tag="511" ind1="1" ind2=" ">
    <subfield code="9">review</subfield>
    <subfield code="8">j</subfield>
    <subfield code="a">Edmund Wilson</subfield>
  </datafield>
  <datafield tag="511" ind1="1" ind2=" ">
    <subfield code="9">review</subfield>
    <subfield code="8">k</subfield>
    <subfield code="a">Edmund Wilson</subfield>
  </datafield>
  <datafield tag="511" ind1="1" ind2=" ">
    <subfield code="9">review</subfield>
    <subfield code="8">i</subfield>
    <subfield code="a">Edmund Wilson</subfield>
  </datafield>
  <datafield tag="511" ind1="1" ind2=" ">
    <subfield code="9">review</subfield>
    <subfield code="8">a</subfield>
    <subfield code="a">E. J. N. Wilson</subfield>
  </datafield>
  <datafield tag="511" ind1="1" ind2=" ">
    <subfield code="9">review</subfield>
    <subfield code="8">b</subfield>
    <subfield code="a">E. J. N. Wilson</subfield>
  </datafield>
  <datafield tag="511" ind1="1" ind2=" ">
    <subfield code="9">review</subfield>
    <subfield code="8">d</subfield>
    <subfield code="a">E. J. N. Wilson</subfield>
  </datafield>
  <datafield tag="511" ind1="1" ind2=" ">
    <subfield code="9">review</subfield>
    <subfield code="8">e</subfield>
    <subfield code="a">E. J. N. Wilson</subfield>
  </datafield>
  <datafield tag="511" ind1="1" ind2=" ">
    <subfield code="9">review</subfield>
    <subfield code="8">f</subfield>
    <subfield code="a">E. J. N. Wilson</subfield>
  </datafield>
  <datafield tag="511" ind1="1" ind2=" ">
    <subfield code="9">review</subfield>
    <subfield code="8">g</subfield>
    <subfield code="a">E. J. N. Wilson</subfield>
  </datafield>
  <datafield tag="511" ind1="1" ind2=" ">
    <subfield code="9">review</subfield>
    <subfield code="8">h</subfield>
    <subfield code="a">E. J. N. Wilson</subfield>
  </datafield>
  <datafield tag="511" ind1="1" ind2=" ">
    <subfield code="9">review</subfield>
    <subfield code="8">j</subfield>
    <subfield code="a">E. J. N. Wilson</subfield>
  </datafield>
  <datafield tag="511" ind1="1" ind2=" ">
    <subfield code="9">review</subfield>
    <subfield code="8">k</subfield>
    <subfield code="a">E. J. N. Wilson</subfield>
  </datafield>
  <datafield tag="511" ind1="1" ind2=" ">
    <subfield code="9">review</subfield>
    <subfield code="8">i</subfield>
    <subfield code="a">E. J. N. Wilson</subfield>
  </datafield>
  <datafield tag="511" ind1="1" ind2=" ">
    <subfield code="9">review Mar2021</subfield>
    <subfield code="8">c</subfield>
    <subfield code="a">Wilson, Edmund J N</subfield>
  </datafield>
  <datafield tag="514" ind1=" " ind2=" ">
    <subfield code="a">Audio present but not on all channels -  Low RF, noisy picture -  Video tracking issue -  </subfield>
  </datafield>
  <datafield tag="514" ind1=" " ind2=" ">
    <subfield code="a">Audio present but not on all channels -  Low RF, noisy picture -  No video (no recording) -  Video tracking issue -  </subfield>
  </datafield>
  <datafield tag="514" ind1=" " ind2=" ">
    <subfield code="a">Low RF, noisy picture -  </subfield>
  </datafield>
  <datafield tag="514" ind1=" " ind2=" ">
    <subfield code="a">Low RF, noisy picture -  Video tracking issue -  </subfield>
  </datafield>
  <datafield tag="514" ind1=" " ind2=" ">
    <subfield code="a">Audio present but not on all channels -  High frequency interference pattern -  Low RF, noisy picture -  Video tracking issue -  </subfield>
    <subfield code="8">i</subfield>
  </datafield>
  <datafield tag="518" ind1=" " ind2=" ">
    <subfield code="a">CERN, Geneva, 28 Feb, 1 - 4, 7 - 11 Mar 1994</subfield>
  </datafield>
  <datafield tag="520" ind1=" " ind2=" ">
    <subfield code="9">review</subfield>
    <subfield code="8">a</subfield>
    <subfield code="a">A ten-lecture course on particle accelerators.</subfield>
  </datafield>
  <datafield tag="542" ind1=" " ind2=" ">
    <subfield code="d">CERN</subfield>
    <subfield code="g">1994</subfield>
  </datafield>
  <datafield tag="542" ind1="1" ind2=" ">
    <subfield code="g">1994</subfield>
    <subfield code="9">review</subfield>
    <subfield code="d">CERN</subfield>
  </datafield>
  <datafield tag="542" ind1="1" ind2=" ">
    <subfield code="9">review Mar2021</subfield>
    <subfield code="d">CERN</subfield>
  </datafield>
  <datafield tag="583" ind1="1" ind2=" ">
    <subfield code="i">CREATE-MARC-run20180620_1021</subfield>
    <subfield code="a">digitized</subfield>
    <subfield code="2">pda</subfield>
    <subfield code="f">CERN Digital Memory Project</subfield>
    <subfield code="k">PICTURAE</subfield>
    <subfield code="u">https://cds.cern.ch/record/2257246</subfield>
    <subfield code="5">SzGeCERN</subfield>
    <subfield code="6">WEEK49-public</subfield>
    <subfield code="b">S1V1: SDI Signal - Digital Betacam, Betacam SP, Betacam, Betacam SX, DVCAM, DVCPRO, DV/Mini DV</subfield>
    <subfield code="8">a</subfield>
    <subfield code="3"> Betacam SP </subfield>
    <subfield code="f">public</subfield>
    <subfield code="l"> Part A </subfield>
    <subfield code="z">
 - VISUAL INSPECTION TABLE of Betacam SP () true  - 
 - RTI VT 4100 of Betacam SP () true  - 
 - MAC-V011 of Betacam SP () false Video tracking issue | Low RF, noisy picture - 
 - OVEN of Betacam SP () true  - 
 - RTI VT 4100 of Betacam SP () true  - 
 - MAC-V011 of Betacam SP () true Audio present but not on all channels - 
 - MANUAL QC GEN of Betacam SP () true  - 
      </subfield>
    <subfield code="x">
 - VISUAL INSPECTION TABLE timing: from 26/10/2017 13:02 to 26/10/2017 13:02 -
 - RTI VT 4100 timing: from 26/10/2017 13:03 to 26/10/2017 16:33 -
 - MAC-V011 timing: from 26/10/2017 17:21 to 26/10/2017 17:59 -
 - OVEN timing: from 27/10/2017 10:27 to 30/10/2017 15:18 -
 - RTI VT 4100 timing: from 30/10/2017 15:52 to 30/10/2017 17:05 -
 - MAC-V011 timing: from 30/10/2017 18:27 to 30/10/2017 19:39 -
 - MANUAL QC GEN timing: from 30/10/2017 19:39 to 30/10/2017 19:39 -
       </subfield>
    <subfield code="c">20171030</subfield>
  </datafield>
  <datafield tag="583" ind1="1" ind2=" ">
    <subfield code="i">CREATE-MARC-run20180620_1021</subfield>
    <subfield code="a">digitized</subfield>
    <subfield code="2">pda</subfield>
    <subfield code="f">CERN Digital Memory Project</subfield>
    <subfield code="k">PICTURAE</subfield>
    <subfield code="u">https://cds.cern.ch/record/2257246</subfield>
    <subfield code="5">SzGeCERN</subfield>
    <subfield code="6">WEEK49-public</subfield>
    <subfield code="b">S1V1: SDI Signal - Digital Betacam, Betacam SP, Betacam, Betacam SX, DVCAM, DVCPRO, DV/Mini DV</subfield>
    <subfield code="8">b</subfield>
    <subfield code="3"> Betacam SP </subfield>
    <subfield code="f">public</subfield>
    <subfield code="l"> Part B </subfield>
    <subfield code="z">
 - VISUAL INSPECTION TABLE of Betacam SP () true  - 
 - RTI VT 4100 of Betacam SP () true  - 
 - MAC-V013 of Betacam SP () false Low RF, noisy picture | Video tracking issue - 
 - OVEN of Betacam SP () true  - 
 - RTI VT 4100 of Betacam SP () true  - 
 - MAC-V012 of Betacam SP () true Audio present but not on all channels | No video (no recording) - 
 - MANUAL QC GEN of Betacam SP () true  - 
 - MAC-V012 of Betacam SP () true Audio present but not on all channels - 
 - MANUAL QC GEN of Betacam SP () true  - 
      </subfield>
    <subfield code="x">
 - VISUAL INSPECTION TABLE timing: from 26/10/2017 13:02 to 26/10/2017 13:02 -
 - RTI VT 4100 timing: from 26/10/2017 13:03 to 26/10/2017 16:33 -
 - MAC-V013 timing: from 26/10/2017 17:12 to 26/10/2017 17:26 -
 - OVEN timing: from 27/10/2017 10:27 to 30/10/2017 15:16 -
 - RTI VT 4100 timing: from 30/10/2017 15:54 to 30/10/2017 17:04 -
 - MAC-V012 timing: from 30/10/2017 18:28 to 30/10/2017 18:59 -
 - MANUAL QC GEN timing: from 30/10/2017 18:59 to 30/10/2017 18:59 -
 - MAC-V012 timing: from 30/10/2017 19:32 to 30/10/2017 19:32 -
 - MANUAL QC GEN timing: from 30/10/2017 19:32 to 30/10/2017 19:32 -
       </subfield>
    <subfield code="c">20171030</subfield>
  </datafield>
  <datafield tag="583" ind1="1" ind2=" ">
    <subfield code="i">CREATE-MARC-run20180620_1021</subfield>
    <subfield code="a">digitized</subfield>
    <subfield code="2">pda</subfield>
    <subfield code="f">CERN Digital Memory Project</subfield>
    <subfield code="k">PICTURAE</subfield>
    <subfield code="u">https://cds.cern.ch/record/2257246</subfield>
    <subfield code="5">SzGeCERN</subfield>
    <subfield code="6">WEEK49-public</subfield>
    <subfield code="b">S1V1: SDI Signal - Digital Betacam, Betacam SP, Betacam, Betacam SX, DVCAM, DVCPRO, DV/Mini DV</subfield>
    <subfield code="8">d</subfield>
    <subfield code="3"> Betacam SP </subfield>
    <subfield code="f">public</subfield>
    <subfield code="l"> Part D </subfield>
    <subfield code="z">
 - VISUAL INSPECTION TABLE of Betacam SP () true  - 
 - RTI VT 4100 of Betacam SP () true  - 
 - MAC-V017 of Betacam SP () true Low RF, noisy picture - 
      </subfield>
    <subfield code="x">
 - VISUAL INSPECTION TABLE timing: from 26/10/2017 13:01 to 26/10/2017 13:01 -
 - RTI VT 4100 timing: from 26/10/2017 13:03 to 26/10/2017 16:34 -
 - MAC-V017 timing: from 31/10/2017 09:46 to 31/10/2017 10:57 -
       </subfield>
    <subfield code="c">20171031</subfield>
  </datafield>
  <datafield tag="583" ind1="1" ind2=" ">
    <subfield code="i">CREATE-MARC-run20180620_1021</subfield>
    <subfield code="a">digitized</subfield>
    <subfield code="2">pda</subfield>
    <subfield code="f">CERN Digital Memory Project</subfield>
    <subfield code="k">PICTURAE</subfield>
    <subfield code="u">https://cds.cern.ch/record/2257246</subfield>
    <subfield code="5">SzGeCERN</subfield>
    <subfield code="6">WEEK49-public</subfield>
    <subfield code="b">S1V1: SDI Signal - Digital Betacam, Betacam SP, Betacam, Betacam SX, DVCAM, DVCPRO, DV/Mini DV</subfield>
    <subfield code="8">e</subfield>
    <subfield code="3"> Betacam SP </subfield>
    <subfield code="f">public</subfield>
    <subfield code="l"> Part E </subfield>
    <subfield code="z">
 - VISUAL INSPECTION TABLE of Betacam SP () true  - 
 - RTI VT 4100 of Betacam SP () true  - 
 - MAC-V015 of Betacam SP () false Video tracking issue | Low RF, noisy picture - 
 - OVEN of Betacam SP () true  - 
 - RTI VT 4100 of Betacam SP () true  - 
 - MAC-V011 of Betacam SP () false Video tracking issue - 
 - OVEN of Betacam SP () true  - 
 - RTI VT 4100 of Betacam SP () true  - 
 - MAC-V014 of Betacam SP () true Low RF, noisy picture | Audio present but not on all channels - 
 - MANUAL QC GEN of Betacam SP () true  - 
      </subfield>
    <subfield code="x">
 - VISUAL INSPECTION TABLE timing: from 26/10/2017 13:01 to 26/10/2017 13:01 -
 - RTI VT 4100 timing: from 26/10/2017 13:03 to 26/10/2017 16:35 -
 - MAC-V015 timing: from 26/10/2017 16:38 to 26/10/2017 16:46 -
 - OVEN timing: from 27/10/2017 10:27 to 30/10/2017 15:14 -
 - RTI VT 4100 timing: from 30/10/2017 15:51 to 31/10/2017 09:04 -
 - MAC-V011 timing: from 14/11/2017 14:36 to 14/11/2017 14:54 -
 - OVEN timing: from 15/11/2017 18:53 to 16/11/2017 09:11 -
 - RTI VT 4100 timing: from 16/11/2017 11:06 to 16/11/2017 11:40 -
 - MAC-V014 timing: from 16/11/2017 15:56 to 16/11/2017 16:49 -
 - MANUAL QC GEN timing: from 16/11/2017 16:49 to 16/11/2017 16:49 -
       </subfield>
    <subfield code="c">20171116</subfield>
  </datafield>
  <datafield tag="583" ind1="1" ind2=" ">
    <subfield code="i">CREATE-MARC-run20180620_1021</subfield>
    <subfield code="a">digitized</subfield>
    <subfield code="2">pda</subfield>
    <subfield code="f">CERN Digital Memory Project</subfield>
    <subfield code="k">PICTURAE</subfield>
    <subfield code="u">https://cds.cern.ch/record/2257246</subfield>
    <subfield code="5">SzGeCERN</subfield>
    <subfield code="6">WEEK49-public</subfield>
    <subfield code="b">S1V1: SDI Signal - Digital Betacam, Betacam SP, Betacam, Betacam SX, DVCAM, DVCPRO, DV/Mini DV</subfield>
    <subfield code="8">f</subfield>
    <subfield code="3"> Betacam SP </subfield>
    <subfield code="f">public</subfield>
    <subfield code="l"> Part F </subfield>
    <subfield code="z">
 - VISUAL INSPECTION TABLE of Betacam SP () true  - 
 - RTI VT 4100 of Betacam SP () true  - 
 - MAC-V013 of Betacam SP () false Low RF, noisy picture | Video tracking issue - 
 - OVEN of Betacam SP () true  - 
 - RTI VT 4100 of Betacam SP () true  - 
 - MAC-V011 of Betacam SP () true  - 
 - MANUAL QC GEN of Betacam SP () true  - 
      </subfield>
    <subfield code="x">
 - VISUAL INSPECTION TABLE timing: from 26/10/2017 13:02 to 26/10/2017 13:02 -
 - RTI VT 4100 timing: from 26/10/2017 13:03 to 26/10/2017 16:33 -
 - MAC-V013 timing: from 26/10/2017 16:56 to 26/10/2017 17:10 -
 - OVEN timing: from 27/10/2017 10:27 to 30/10/2017 15:13 -
 - RTI VT 4100 timing: from 30/10/2017 15:50 to 31/10/2017 13:51 -
 - MAC-V011 timing: from 14/11/2017 08:54 to 14/11/2017 09:55 -
 - MANUAL QC GEN timing: from 14/11/2017 09:55 to 14/11/2017 09:55 -
       </subfield>
    <subfield code="c">20171114</subfield>
  </datafield>
  <datafield tag="583" ind1="1" ind2=" ">
    <subfield code="i">CREATE-MARC-run20180620_1021</subfield>
    <subfield code="a">digitized</subfield>
    <subfield code="2">pda</subfield>
    <subfield code="f">CERN Digital Memory Project</subfield>
    <subfield code="k">PICTURAE</subfield>
    <subfield code="u">https://cds.cern.ch/record/2257246</subfield>
    <subfield code="5">SzGeCERN</subfield>
    <subfield code="6">WEEK49-public</subfield>
    <subfield code="b">S1V1: SDI Signal - Digital Betacam, Betacam SP, Betacam, Betacam SX, DVCAM, DVCPRO, DV/Mini DV</subfield>
    <subfield code="8">g</subfield>
    <subfield code="3"> Betacam SP </subfield>
    <subfield code="f">public</subfield>
    <subfield code="l"> Part G </subfield>
    <subfield code="z">
 - VISUAL INSPECTION TABLE of Betacam SP () true  - 
 - RTI VT 4100 of Betacam SP () true  - 
 - MAC-V011 of Betacam SP () false Video tracking issue | Low RF, noisy picture - 
 - OVEN of Betacam SP () true  - 
 - RTI VT 4100 of Betacam SP () true  - 
 - MAC-V014 of Betacam SP () false Video tracking issue - 
 - OVEN of Betacam SP () true  - 
 - RTI VT 4100 of Betacam SP () true  - 
 - MAC-V015 of Betacam SP () true Low RF, noisy picture - 
 - MANUAL QC GEN of Betacam SP () true  - 
 - MANUAL QC GEN of Betacam SP () true  - 
 - FILE_PRESENCE of Betacam SP () true  - 
      </subfield>
    <subfield code="x">
 - VISUAL INSPECTION TABLE timing: from 26/10/2017 13:02 to 26/10/2017 13:02 -
 - RTI VT 4100 timing: from 26/10/2017 13:03 to 26/10/2017 16:34 -
 - MAC-V011 timing: from 26/10/2017 17:04 to 26/10/2017 17:16 -
 - OVEN timing: from 27/10/2017 10:27 to 30/10/2017 15:15 -
 - RTI VT 4100 timing: from 30/10/2017 15:54 to 31/10/2017 12:28 -
 - MAC-V014 timing: from 14/11/2017 11:54 to 14/11/2017 12:17 -
 - OVEN timing: from 22/12/2017 15:59 to 02/01/2018 11:45 -
 - RTI VT 4100 timing: from 02/01/2018 13:37 to 02/01/2018 13:52 -
 - MAC-V015 timing: from 02/01/2018 14:55 to 02/01/2018 15:59 -
 - MANUAL QC GEN timing: from 02/01/2018 15:59 to 02/01/2018 15:59 -
 - MANUAL QC GEN timing: from 17/01/2018 15:57 to 17/01/2018 15:57 -
 - FILE_PRESENCE timing: from 17/01/2018 15:57 to 17/01/2018 15:57 -
       </subfield>
    <subfield code="c">20180117</subfield>
  </datafield>
  <datafield tag="583" ind1="1" ind2=" ">
    <subfield code="i">CREATE-MARC-run20180620_1021</subfield>
    <subfield code="a">digitized</subfield>
    <subfield code="2">pda</subfield>
    <subfield code="f">CERN Digital Memory Project</subfield>
    <subfield code="k">PICTURAE</subfield>
    <subfield code="u">https://cds.cern.ch/record/2257246</subfield>
    <subfield code="5">SzGeCERN</subfield>
    <subfield code="6">WEEK49-public</subfield>
    <subfield code="b">S1V1: SDI Signal - Digital Betacam, Betacam SP, Betacam, Betacam SX, DVCAM, DVCPRO, DV/Mini DV</subfield>
    <subfield code="8">h</subfield>
    <subfield code="3"> Betacam SP </subfield>
    <subfield code="f">public</subfield>
    <subfield code="l"> Part H </subfield>
    <subfield code="z">
 - VISUAL INSPECTION TABLE of Betacam SP () true  - 
 - RTI VT 4100 of Betacam SP () true  - 
 - MAC-V014 of Betacam SP () true  - 
 - MANUAL QC GEN of Betacam SP () true  - 
      </subfield>
    <subfield code="x">
 - VISUAL INSPECTION TABLE timing: from 26/10/2017 13:02 to 26/10/2017 13:02 -
 - RTI VT 4100 timing: from 26/10/2017 13:03 to 26/10/2017 16:34 -
 - MAC-V014 timing: from 26/10/2017 18:44 to 26/10/2017 19:53 -
 - MANUAL QC GEN timing: from 26/10/2017 19:53 to 26/10/2017 19:53 -
       </subfield>
    <subfield code="c">20171026</subfield>
  </datafield>
  <datafield tag="583" ind1="1" ind2=" ">
    <subfield code="i">CREATE-MARC-run20180620_1021</subfield>
    <subfield code="a">digitized</subfield>
    <subfield code="2">pda</subfield>
    <subfield code="f">CERN Digital Memory Project</subfield>
    <subfield code="k">PICTURAE</subfield>
    <subfield code="u">https://cds.cern.ch/record/2257246</subfield>
    <subfield code="5">SzGeCERN</subfield>
    <subfield code="6">WEEK49-public</subfield>
    <subfield code="b">S1V1: SDI Signal - Digital Betacam, Betacam SP, Betacam, Betacam SX, DVCAM, DVCPRO, DV/Mini DV</subfield>
    <subfield code="8">j</subfield>
    <subfield code="3"> Betacam SP </subfield>
    <subfield code="f">public</subfield>
    <subfield code="l"> Part J </subfield>
    <subfield code="z">
 - VISUAL INSPECTION TABLE of Betacam SP () true  - 
 - RTI VT 4100 of Betacam SP () true  - 
 - MAC-V013 of Betacam SP () false Low RF, noisy picture | Video tracking issue - 
 - OVEN of Betacam SP () true  - 
 - RTI VT 4100 of Betacam SP () true  - 
 - MAC-V012 of Betacam SP () true  - 
      </subfield>
    <subfield code="x">
 - VISUAL INSPECTION TABLE timing: from 26/10/2017 11:18 to 26/10/2017 11:18 -
 - RTI VT 4100 timing: from 26/10/2017 11:18 to 26/10/2017 11:34 -
 - MAC-V013 timing: from 26/10/2017 13:56 to 26/10/2017 13:56 -
 - OVEN timing: from 27/10/2017 10:39 to 30/10/2017 15:16 -
 - RTI VT 4100 timing: from 30/10/2017 15:54 to 31/10/2017 13:57 -
 - MAC-V012 timing: from 31/10/2017 14:25 to 31/10/2017 15:30 -
       </subfield>
    <subfield code="c">20171031</subfield>
  </datafield>
  <datafield tag="583" ind1="1" ind2=" ">
    <subfield code="i">CREATE-MARC-run20180620_1021</subfield>
    <subfield code="a">digitized</subfield>
    <subfield code="2">pda</subfield>
    <subfield code="f">CERN Digital Memory Project</subfield>
    <subfield code="k">PICTURAE</subfield>
    <subfield code="u">https://cds.cern.ch/record/2257246</subfield>
    <subfield code="5">SzGeCERN</subfield>
    <subfield code="6">WEEK49-public</subfield>
    <subfield code="b">S1V1: SDI Signal - Digital Betacam, Betacam SP, Betacam, Betacam SX, DVCAM, DVCPRO, DV/Mini DV</subfield>
    <subfield code="8">k</subfield>
    <subfield code="3"> Betacam SP </subfield>
    <subfield code="f">public</subfield>
    <subfield code="l"> Part K </subfield>
    <subfield code="z">
 - VISUAL INSPECTION TABLE of Betacam SP () true  - 
 - RTI VT 4100 of Betacam SP () true  - 
 - MAC-V012 of Betacam SP () false Video tracking issue | Low RF, noisy picture - 
 - OVEN of Betacam SP () true  - 
 - RTI VT 4100 of Betacam SP () true  - 
 - MAC-V017 of Betacam SP () true Audio present but not on all channels - 
 - MANUAL QC GEN of Betacam SP () true  - 
      </subfield>
    <subfield code="x">
 - VISUAL INSPECTION TABLE timing: from 26/10/2017 11:18 to 26/10/2017 11:18 -
 - RTI VT 4100 timing: from 26/10/2017 11:18 to 26/10/2017 11:34 -
 - MAC-V012 timing: from 26/10/2017 13:52 to 26/10/2017 14:48 -
 - OVEN timing: from 27/10/2017 10:39 to 30/10/2017 15:17 -
 - RTI VT 4100 timing: from 30/10/2017 15:53 to 30/10/2017 16:41 -
 - MAC-V017 timing: from 30/10/2017 18:33 to 30/10/2017 19:40 -
 - MANUAL QC GEN timing: from 30/10/2017 19:40 to 30/10/2017 19:40 -
       </subfield>
    <subfield code="c">20171030</subfield>
  </datafield>
  <datafield tag="583" ind1="1" ind2=" ">
    <subfield code="i">CREATE-MARC-run20180622_170630</subfield>
    <subfield code="a">digitized</subfield>
    <subfield code="2">pda</subfield>
    <subfield code="f">CERN Digital Memory Project</subfield>
    <subfield code="k">PICTURAE</subfield>
    <subfield code="u">https://cds.cern.ch/record/2257246</subfield>
    <subfield code="5">SzGeCERN</subfield>
    <subfield code="6">WEEK11-public</subfield>
    <subfield code="b">S1V1: SDI Signal - Digital Betacam, Betacam SP, Betacam, Betacam SX, DVCAM, DVCPRO, DV/Mini DV</subfield>
    <subfield code="8">i</subfield>
    <subfield code="3"> Betacam SP </subfield>
    <subfield code="f">public</subfield>
    <subfield code="l"> Part I </subfield>
    <subfield code="z">
 - VISUAL INSPECTION TABLE of Betacam SP () true  - 
 - RTI VT 4100 of Betacam SP () true  - 
 - MAC-V014 of Betacam SP () false High frequency interference pattern | Video tracking issue | Low RF, noisy picture - 
 - OVEN of Betacam SP () true  - 
 - RTI VT 4100 of Betacam SP () true  - 
 - VISUAL INSPECTION TABLE of Betacam SP () true  - 
 - RTI VT 4100 of Betacam SP () true  - 
 - MAC-V012 of Betacam SP () false Video tracking issue - 
 - OVEN of Betacam SP () true  - 
 - RTI VT 4100 of Betacam SP () true  - 
 - MAC-V011 of Betacam SP () false High frequency interference pattern | Video tracking issue - 
 - OVEN of Betacam SP () true  - 
 - RTI VT 4100 of Betacam SP () true  - 
 - REJECT of Betacam SP () true High frequency interference pattern | Video tracking issue - 
 - RTI VT 4100 of Betacam SP () true  - 
 - MAC-V016 of Betacam SP () true Low RF, noisy picture | Audio present but not on all channels - 
 - MANUAL QC GEN of Betacam SP () true  - 
 - FILE_PRESENCE of Betacam SP () true  - 
      </subfield>
    <subfield code="x">
 - VISUAL INSPECTION TABLE timing: from 26/10/2017 13:02 to 26/10/2017 13:02 -
 - RTI VT 4100 timing: from 26/10/2017 13:03 to 26/10/2017 16:33 -
 - MAC-V014 timing: from 26/10/2017 17:08 to 26/10/2017 17:43 -
 - OVEN timing: from 27/10/2017 10:27 to 30/10/2017 15:15 -
 - RTI VT 4100 timing: from 30/10/2017 15:56 to 31/10/2017 10:25 -
 - VISUAL INSPECTION TABLE timing: from 31/10/2017 10:25 to 31/10/2017 10:25 -
 - RTI VT 4100 timing: from 31/10/2017 13:51 to 31/10/2017 13:51 -
 - MAC-V012 timing: from 14/11/2017 08:56 to 14/11/2017 09:42 -
 - OVEN timing: from 15/11/2017 18:53 to 16/11/2017 09:12 -
 - RTI VT 4100 timing: from 16/11/2017 11:07 to 16/11/2017 11:50 -
 - MAC-V011 timing: from 16/11/2017 14:55 to 16/11/2017 16:01 -
 - OVEN timing: from 16/11/2017 16:03 to 17/11/2017 11:29 -
 - RTI VT 4100 timing: from 17/11/2017 11:30 to 17/11/2017 11:36 -
 - REJECT timing: from 17/11/2017 11:56 to 17/11/2017 11:56 -
 - RTI VT 4100 timing: from 10/01/2018 09:25 to 10/01/2018 09:37 -
 - MAC-V016 timing: from 10/01/2018 10:02 to 10/01/2018 11:15 -
 - MANUAL QC GEN timing: from 17/01/2018 16:18 to 17/01/2018 16:18 -
 - FILE_PRESENCE timing: from 17/01/2018 16:18 to 17/01/2018 16:18 -
       </subfield>
    <subfield code="c">20180117</subfield>
  </datafield>
  <datafield tag="583" ind1="1" ind2=" ">
    <subfield code="2">pda</subfield>
    <subfield code="5">SzGeCERN</subfield>
    <subfield code="a">digitized</subfield>
    <subfield code="c">202103</subfield>
    <subfield code="f">CERN Digital Memory Project</subfield>
    <subfield code="i">OPEN-REFINE Project Mar2021 New HDD</subfield>
    <subfield code="k">PICTURAE</subfield>
    <subfield code="u">https://cds.cern.ch/record/2257246</subfield>
  </datafield>
  <datafield tag="583" ind1="1" ind2=" ">
    <subfield code="3">Betacam SP</subfield>
    <subfield code="6">disks/DELIVERY65</subfield>
    <subfield code="b">S1V1</subfield>
    <subfield code="n">66,2033333333333</subfield>
    <subfield code="o">minutes</subfield>
    <subfield code="8">c</subfield>
  </datafield>
  <datafield tag="583" ind1=" " ind2=" ">
    <subfield code="a">curation</subfield>
    <subfield code="c">Decembre 2020</subfield>
    <subfield code="8">c</subfield>
    <subfield code="z"> -Audio: TRUE -Video Signal: TRUE -Multiple: FALSE -Relevant to CERN: TRUE -Duplicate: FALSE</subfield>
  </datafield>
  <datafield tag="590" ind1=" " ind2=" ">
    <subfield code="9">review</subfield>
    <subfield code="8">a</subfield>
    <subfield code="a">Conf\xc3\xa9rence sur les bases math\xc3\xa9matiques des acc\xc3\xa9l\xc3\xa9rateurs \xc3\xa0 particules</subfield>
  </datafield>
  <datafield tag="594" ind1=" " ind2=" ">
    <subfield code="9">review</subfield>
    <subfield code="a">Conference Speech</subfield>
  </datafield>
  <datafield tag="594" ind1=" " ind2=" ">
    <subfield code="9">review Mar2021</subfield>
    <subfield code="8">c</subfield>
    <subfield code="a">Conference Speech</subfield>
  </datafield>
  <datafield tag="595" ind1=" " ind2=" ">
    <subfield code="z">CLASJ</subfield>
  </datafield>
  <datafield tag="595" ind1=" " ind2=" ">
    <subfield code="a">VIDEO-MF</subfield>
  </datafield>
  <datafield tag="650" ind1="1" ind2="7">
    <subfield code="2">SzGeCERN</subfield>
    <subfield code="a">Accelerators and Storage Rings</subfield>
  </datafield>
  <datafield tag="650" ind1="2" ind2="7">
    <subfield code="9">review</subfield>
    <subfield code="a">Accelerators</subfield>
  </datafield>
  <datafield tag="650" ind1="2" ind2="7">
    <subfield code="9">review</subfield>
    <subfield code="a">Portraits of science</subfield>
  </datafield>
  <datafield tag="650" ind1="2" ind2="7">
    <subfield code="9">review Mar2021</subfield>
    <subfield code="a">Portraits of science</subfield>
  </datafield>
  <datafield tag="653" ind1="1" ind2=" ">
    <subfield code="9">review</subfield>
    <subfield code="a">Academic Training</subfield>
  </datafield>
  <datafield tag="653" ind1="1" ind2=" ">
    <subfield code="9">review</subfield>
    <subfield code="a">Accelerator</subfield>
  </datafield>
  <datafield tag="653" ind1="1" ind2=" ">
    <subfield code="9">review</subfield>
    <subfield code="a">Distorsion D\'un Syst\xc3\xa8me Ferm\xc3\xa9</subfield>
  </datafield>
  <datafield tag="653" ind1="1" ind2=" ">
    <subfield code="9">review</subfield>
    <subfield code="a">Electron</subfield>
  </datafield>
  <datafield tag="653" ind1="1" ind2=" ">
    <subfield code="9">review</subfield>
    <subfield code="a">Ellipse</subfield>
  </datafield>
  <datafield tag="653" ind1="1" ind2=" ">
    <subfield code="9">review</subfield>
    <subfield code="a">\xc3\x89quation</subfield>
  </datafield>
  <datafield tag="653" ind1="1" ind2=" ">
    <subfield code="9">review</subfield>
    <subfield code="a">\xc3\x89quations Diff\xc3\xa9rentielles</subfield>
  </datafield>
  <datafield tag="653" ind1="1" ind2=" ">
    <subfield code="9">review</subfield>
    <subfield code="a">Erreurs Dans Les Aimants</subfield>
  </datafield>
  <datafield tag="653" ind1="1" ind2=" ">
    <subfield code="9">review</subfield>
    <subfield code="a">Futur Des Acc\xc3\xa9l\xc3\xa9rateurs</subfield>
  </datafield>
  <datafield tag="653" ind1="1" ind2=" ">
    <subfield code="9">review</subfield>
    <subfield code="a">Instabilit\xc3\xa9s</subfield>
  </datafield>
  <datafield tag="653" ind1="1" ind2=" ">
    <subfield code="9">review</subfield>
    <subfield code="a">Introduction sur les acc\xc3\xa9l\xc3\xa9rateurs \xc3\xa0 particule</subfield>
  </datafield>
  <datafield tag="653" ind1="1" ind2=" ">
    <subfield code="9">review</subfield>
    <subfield code="a">Le Syst\xc3\xa8me Rf</subfield>
  </datafield>
  <datafield tag="653" ind1="1" ind2=" ">
    <subfield code="9">review</subfield>
    <subfield code="a">Mathematics</subfield>
  </datafield>
  <datafield tag="653" ind1="1" ind2=" ">
    <subfield code="9">review</subfield>
    <subfield code="a">Matrice</subfield>
  </datafield>
  <datafield tag="653" ind1="1" ind2=" ">
    <subfield code="9">review</subfield>
    <subfield code="a">Particle physics</subfield>
  </datafield>
  <datafield tag="653" ind1="1" ind2=" ">
    <subfield code="9">review</subfield>
    <subfield code="a">SPS</subfield>
  </datafield>
  <datafield tag="653" ind1="1" ind2=" ">
    <subfield code="9">review</subfield>
    <subfield code="a">Synchrotron</subfield>
  </datafield>
  <datafield tag="653" ind1="1" ind2=" ">
    <subfield code="9">review</subfield>
    <subfield code="a">Th\xc3\xa9orie Des Vecteurs</subfield>
  </datafield>
  <datafield tag="690" ind1="C" ind2=" ">
    <subfield code="a">ACAD</subfield>
  </datafield>
  <datafield tag="690" ind1="C" ind2=" ">
    <subfield code="a">CERN</subfield>
  </datafield>
  <datafield tag="690" ind1="C" ind2=" ">
    <subfield code="a">movingimages</subfield>
  </datafield>
  <datafield tag="690" ind1="C" ind2=" ">
    <subfield code="9">CERN QA</subfield>
    <subfield code="a">quality-controlled</subfield>
  </datafield>
  <datafield tag="690" ind1="C" ind2=" ">
    <subfield code="9">review</subfield>
    <subfield code="a">reviewed</subfield>
  </datafield>
  <datafield tag="710" ind1=" " ind2=" ">
    <subfield code="5">TH</subfield>
  </datafield>
  <datafield tag="710" ind1=" " ind2=" ">
    <subfield code="a">CERN. Geneva</subfield>
  </datafield>
  <datafield tag="852" ind1=" " ind2=" ">
    <subfield code="c">CERN Central Library</subfield>
    <subfield code="h">Acad. Train. 295</subfield>
  </datafield>
  <datafield tag="852" ind1=" " ind2=" ">
    <subfield code="c">CERN Central Library</subfield>
    <subfield code="h">295</subfield>
  </datafield>
  <datafield tag="852" ind1=" " ind2=" ">
    <subfield code="8">A</subfield>
    <subfield code="a">60</subfield>
    <subfield code="b">Z2821</subfield>
    <subfield code="c">CM-A00000316</subfield>
  </datafield>
  <datafield tag="852" ind1=" " ind2=" ">
    <subfield code="8">B</subfield>
    <subfield code="a">60</subfield>
    <subfield code="b">Z2821</subfield>
    <subfield code="c">CM-A00000316</subfield>
  </datafield>
  <datafield tag="852" ind1=" " ind2=" ">
    <subfield code="8">C</subfield>
    <subfield code="a">60</subfield>
    <subfield code="b">Z2821</subfield>
    <subfield code="c">CM-A00000316</subfield>
  </datafield>
  <datafield tag="852" ind1=" " ind2=" ">
    <subfield code="8">D</subfield>
    <subfield code="a">60</subfield>
    <subfield code="b">Z2821</subfield>
    <subfield code="c">CM-A00000316</subfield>
  </datafield>
  <datafield tag="852" ind1=" " ind2=" ">
    <subfield code="8">E</subfield>
    <subfield code="a">60</subfield>
    <subfield code="b">Z2821</subfield>
    <subfield code="c">CM-A00000316</subfield>
  </datafield>
  <datafield tag="852" ind1=" " ind2=" ">
    <subfield code="8">F</subfield>
    <subfield code="a">60</subfield>
    <subfield code="b">Z2821</subfield>
    <subfield code="c">CM-A00000316</subfield>
  </datafield>
  <datafield tag="852" ind1=" " ind2=" ">
    <subfield code="8">G</subfield>
    <subfield code="a">60</subfield>
    <subfield code="b">Z2821</subfield>
    <subfield code="c">CM-A00000316</subfield>
  </datafield>
  <datafield tag="852" ind1=" " ind2=" ">
    <subfield code="8">H</subfield>
    <subfield code="a">60</subfield>
    <subfield code="b">Z2821</subfield>
    <subfield code="c">CM-A00000316</subfield>
  </datafield>
  <datafield tag="852" ind1=" " ind2=" ">
    <subfield code="8">I</subfield>
    <subfield code="a">60</subfield>
    <subfield code="b">Z2821</subfield>
    <subfield code="c">CM-A00000316</subfield>
  </datafield>
  <datafield tag="852" ind1=" " ind2=" ">
    <subfield code="8">J</subfield>
    <subfield code="a">60</subfield>
    <subfield code="b">Z2831</subfield>
    <subfield code="c">CM-A00000316</subfield>
  </datafield>
  <datafield tag="852" ind1=" " ind2=" ">
    <subfield code="8">K</subfield>
    <subfield code="a">60</subfield>
    <subfield code="b">Z2831</subfield>
    <subfield code="c">CM-A00000316</subfield>
  </datafield>
  <datafield tag="856" ind1="4" ind2=" ">
    <subfield code="u">http://preprints.cern.ch/cgi-bin/setlink?base=AT&amp;categ=Academic_Training&amp;id=AT00000022</subfield>
    <subfield code="y">Transparencies, pt.1</subfield>
  </datafield>
  <datafield tag="856" ind1="4" ind2=" ">
    <subfield code="u">http://preprints.cern.ch/cgi-bin/setlink?base=AT&amp;categ=Academic_Training&amp;id=AT00000023</subfield>
    <subfield code="y">Transparencies, pt.2</subfield>
  </datafield>
  <datafield tag="856" ind1="4" ind2=" ">
    <subfield code="u">http://preprints.cern.ch/cgi-bin/setlink?base=AT&amp;categ=Academic_Training&amp;id=AT00000024</subfield>
    <subfield code="y">Transparencies, pt.3</subfield>
  </datafield>
  <datafield tag="856" ind1="4" ind2=" ">
    <subfield code="u">http://cds.cern.ch/record/281564/files/AT00000022.pdf</subfield>
  </datafield>
  <datafield tag="856" ind1="4" ind2=" ">
    <subfield code="u">http://cds.cern.ch/record/281564/files/AT00000022.tif</subfield>
    <subfield code="y">Transparencies, pt.1</subfield>
  </datafield>
  <datafield tag="856" ind1="4" ind2=" ">
    <subfield code="u">http://cds.cern.ch/record/281564/files/AT00000023.tif</subfield>
    <subfield code="y">Transparencies, pt.2</subfield>
  </datafield>
  <datafield tag="856" ind1="4" ind2=" ">
    <subfield code="u">http://cds.cern.ch/record/281564/files/AT00000024.tif</subfield>
    <subfield code="y">Transparencies, pt.3</subfield>
  </datafield>
  <datafield tag="856" ind1="4" ind2=" ">
    <subfield code="2">EOS</subfield>
    <subfield code="q">MP4</subfield>
    <subfield code="u">https://cern.ch/digital-memory/media-archive/video/open/mp4/281564-a.mp4</subfield>
    <subfield code="s">565353217</subfield>
    <subfield code="y">Video-281564-a</subfield>
    <subfield code="z">mp4 video format (640x360)</subfield>
    <subfield code="w">(PICTURAE:MD5)ac_S1V1_281564-a.mp4;40df279adc4b0772fb5931d01f39a431</subfield>
    <subfield code="8">a</subfield>
  </datafield>
  <datafield tag="856" ind1="7" ind2=" ">
    <subfield code="2">EOS</subfield>
    <subfield code="q">MKV</subfield>
    <subfield code="d">/eos/media/cds/public/www/digital-memory/media-archive/video/open/mkv/281564-a.mkv</subfield>
    <subfield code="s">49363632954</subfield>
    <subfield code="w">(PICTURAE:MD5)pm_S1V1_281564-a.mkv;56430a27ece00440bb984ca32da97000</subfield>
    <subfield code="8">a</subfield>
  </datafield>
  <datafield tag="856" ind1="7" ind2=" ">
    <subfield code="2">EOS</subfield>
    <subfield code="q">MOV</subfield>
    <subfield code="d">/eos/media/cds/public/www/digital-memory/media-archive/video/open/mov/281564-a.mov</subfield>
    <subfield code="s">14043878191</subfield>
    <subfield code="w">(PICTURAE:MD5)am_S1V1_281564-a.mov;09a7b8753fb97a2e50ec99d5153dfd13</subfield>
    <subfield code="8">a</subfield>
  </datafield>
  <datafield tag="856" ind1="4" ind2=" ">
    <subfield code="2">EOS</subfield>
    <subfield code="q">MP4</subfield>
    <subfield code="u">https://cern.ch/digital-memory/media-archive/video/open/mp4/281564-b.mp4</subfield>
    <subfield code="s">585260259</subfield>
    <subfield code="y">Video-281564-b</subfield>
    <subfield code="z">mp4 video format (640x360)</subfield>
    <subfield code="w">(PICTURAE:MD5)ac_S1V1_281564-b.mp4;12b3abfecbe1070cb13af24645000a92</subfield>
    <subfield code="8">b</subfield>
  </datafield>
  <datafield tag="856" ind1="7" ind2=" ">
    <subfield code="2">EOS</subfield>
    <subfield code="q">MKV</subfield>
    <subfield code="d">/eos/media/cds/public/www/digital-memory/media-archive/video/open/mkv/281564-b.mkv</subfield>
    <subfield code="s">50611545131</subfield>
    <subfield code="w">(PICTURAE:MD5)pm_S1V1_281564-b.mkv;c849d1207a5d19ef9ef5a2c55207939c</subfield>
    <subfield code="8">b</subfield>
  </datafield>
  <datafield tag="856" ind1="7" ind2=" ">
    <subfield code="2">EOS</subfield>
    <subfield code="q">MOV</subfield>
    <subfield code="d">/eos/media/cds/public/www/digital-memory/media-archive/video/open/mov/281564-b.mov</subfield>
    <subfield code="s">14492948668</subfield>
    <subfield code="w">(PICTURAE:MD5)am_S1V1_281564-b.mov;43a49a498d5731799eb98a476246f2d6</subfield>
    <subfield code="8">b</subfield>
  </datafield>
  <datafield tag="856" ind1="4" ind2=" ">
    <subfield code="2">EOS</subfield>
    <subfield code="q">MP4</subfield>
    <subfield code="u">https://cern.ch/digital-memory/media-archive/video/open/mp4/281564-d.mp4</subfield>
    <subfield code="s">615005258</subfield>
    <subfield code="y">Video-281564-d</subfield>
    <subfield code="z">mp4 video format (640x360)</subfield>
    <subfield code="w">(PICTURAE:MD5)ac_S1V1_281564-d.mp4;b48041ad96ff994a2dfa24a91af238ea</subfield>
    <subfield code="8">d</subfield>
  </datafield>
  <datafield tag="856" ind1="7" ind2=" ">
    <subfield code="2">EOS</subfield>
    <subfield code="q">MKV</subfield>
    <subfield code="d">/eos/media/cds/public/www/digital-memory/media-archive/video/open/mkv/281564-d.mkv</subfield>
    <subfield code="s">54381287261</subfield>
    <subfield code="w">(PICTURAE:MD5)pm_S1V1_281564-d.mkv;7c68944a8dc274a5ffcbe55bdfdfc171</subfield>
    <subfield code="8">d</subfield>
  </datafield>
  <datafield tag="856" ind1="7" ind2=" ">
    <subfield code="2">EOS</subfield>
    <subfield code="q">MOV</subfield>
    <subfield code="d">/eos/media/cds/public/www/digital-memory/media-archive/video/open/mov/281564-d.mov</subfield>
    <subfield code="s">15298314886</subfield>
    <subfield code="w">(PICTURAE:MD5)am_S1V1_281564-d.mov;632d8f96219243423db459590d904832</subfield>
    <subfield code="8">d</subfield>
  </datafield>
  <datafield tag="856" ind1="4" ind2=" ">
    <subfield code="2">EOS</subfield>
    <subfield code="q">MP4</subfield>
    <subfield code="u">https://cern.ch/digital-memory/media-archive/video/open/mp4/281564-e.mp4</subfield>
    <subfield code="s">478991543</subfield>
    <subfield code="y">Video-281564-e</subfield>
    <subfield code="z">mp4 video format (640x360)</subfield>
    <subfield code="w">(PICTURAE:MD5)ac_S1V1_281564-e.mp4;710df8c5d0d1813dd7506045b22d81f2</subfield>
    <subfield code="8">e</subfield>
  </datafield>
  <datafield tag="856" ind1="7" ind2=" ">
    <subfield code="2">EOS</subfield>
    <subfield code="q">MKV</subfield>
    <subfield code="d">/eos/media/cds/public/www/digital-memory/media-archive/video/open/mkv/281564-e.mkv</subfield>
    <subfield code="s">40669837262</subfield>
    <subfield code="w">(PICTURAE:MD5)pm_S1V1_281564-e.mkv;48f94670e86a97fb6ff4250d7602f04c</subfield>
    <subfield code="8">e</subfield>
  </datafield>
  <datafield tag="856" ind1="7" ind2=" ">
    <subfield code="2">EOS</subfield>
    <subfield code="q">MOV</subfield>
    <subfield code="d">/eos/media/cds/public/www/digital-memory/media-archive/video/open/mov/281564-e.mov</subfield>
    <subfield code="s">11850979310</subfield>
    <subfield code="w">(PICTURAE:MD5)am_S1V1_281564-e.mov;b05d917f276f2d42959784d339e5e751</subfield>
    <subfield code="8">e</subfield>
  </datafield>
  <datafield tag="856" ind1="4" ind2=" ">
    <subfield code="2">EOS</subfield>
    <subfield code="q">MP4</subfield>
    <subfield code="u">https://cern.ch/digital-memory/media-archive/video/open/mp4/281564-f.mp4</subfield>
    <subfield code="s">1258008</subfield>
    <subfield code="y">Video-281564-f</subfield>
    <subfield code="z">mp4 video format (640x360)</subfield>
    <subfield code="w">(PICTURAE:MD5)ac_S1V1_281564-f.mp4;7eae93d4806ebcbf04e63f8ed6bf0f0f</subfield>
    <subfield code="8">f</subfield>
  </datafield>
  <datafield tag="856" ind1="7" ind2=" ">
    <subfield code="2">EOS</subfield>
    <subfield code="q">MKV</subfield>
    <subfield code="d">/eos/media/cds/public/www/digital-memory/media-archive/video/open/mkv/281564-f.mkv</subfield>
    <subfield code="s">15784794</subfield>
    <subfield code="w">(PICTURAE:MD5)pm_S1V1_281564-f.mkv;8009dc26da8da85ed342ec612183447f</subfield>
    <subfield code="8">f</subfield>
  </datafield>
  <datafield tag="856" ind1="7" ind2=" ">
    <subfield code="2">EOS</subfield>
    <subfield code="q">MOV</subfield>
    <subfield code="d">/eos/media/cds/public/www/digital-memory/media-archive/video/open/mov/281564-f.mov</subfield>
    <subfield code="s">12156289</subfield>
    <subfield code="w">(PICTURAE:MD5)am_S1V1_281564-f.mov;11c2e25f9827581002d90c026a25369b</subfield>
    <subfield code="8">f</subfield>
  </datafield>
  <datafield tag="856" ind1="4" ind2=" ">
    <subfield code="2">EOS</subfield>
    <subfield code="q">MP4</subfield>
    <subfield code="u">https://cern.ch/digital-memory/media-archive/video/open/mp4/281564-g.mp4</subfield>
    <subfield code="s">95773081</subfield>
    <subfield code="y">Video-281564-g</subfield>
    <subfield code="z">mp4 video format (640x360)</subfield>
    <subfield code="w">(PICTURAE:MD5)ac_S1V1_281564-g.mp4;3b53bf1c905ef83b9daa5775de4f300d</subfield>
    <subfield code="8">g</subfield>
  </datafield>
  <datafield tag="856" ind1="7" ind2=" ">
    <subfield code="2">EOS</subfield>
    <subfield code="q">MKV</subfield>
    <subfield code="d">/eos/media/cds/public/www/digital-memory/media-archive/video/open/mkv/281564-g.mkv</subfield>
    <subfield code="s">8706853519</subfield>
    <subfield code="w">(PICTURAE:MD5)pm_S1V1_281564-g.mkv;3ad57c72091adc9799d1133135d1dc0e</subfield>
    <subfield code="8">g</subfield>
  </datafield>
  <datafield tag="856" ind1="7" ind2=" ">
    <subfield code="2">EOS</subfield>
    <subfield code="q">MOV</subfield>
    <subfield code="d">/eos/media/cds/public/www/digital-memory/media-archive/video/open/mov/281564-g.mov</subfield>
    <subfield code="s">2363186999</subfield>
    <subfield code="w">(PICTURAE:MD5)am_S1V1_281564-g.mov;9b40b24552066d6e98cd4f2a7fa1fc42</subfield>
    <subfield code="8">g</subfield>
  </datafield>
  <datafield tag="856" ind1="4" ind2=" ">
    <subfield code="2">EOS</subfield>
    <subfield code="q">MP4</subfield>
    <subfield code="u">https://cern.ch/digital-memory/media-archive/video/open/mp4/281564-h.mp4</subfield>
    <subfield code="s">610068766</subfield>
    <subfield code="y">Video-281564-h</subfield>
    <subfield code="z">mp4 video format (640x360)</subfield>
    <subfield code="w">(PICTURAE:MD5)ac_S1V1_281564-h.mp4;a7af0e367e148a1f15e3e70fdc37cad7</subfield>
    <subfield code="8">h</subfield>
  </datafield>
  <datafield tag="856" ind1="7" ind2=" ">
    <subfield code="2">EOS</subfield>
    <subfield code="q">MKV</subfield>
    <subfield code="d">/eos/media/cds/public/www/digital-memory/media-archive/video/open/mkv/281564-h.mkv</subfield>
    <subfield code="s">52722346061</subfield>
    <subfield code="w">(PICTURAE:MD5)pm_S1V1_281564-h.mkv;9d9accee448b47bca97373432f840220</subfield>
    <subfield code="8">h</subfield>
  </datafield>
  <datafield tag="856" ind1="7" ind2=" ">
    <subfield code="2">EOS</subfield>
    <subfield code="q">MOV</subfield>
    <subfield code="d">/eos/media/cds/public/www/digital-memory/media-archive/video/open/mov/281564-h.mov</subfield>
    <subfield code="s">15137616134</subfield>
    <subfield code="w">(PICTURAE:MD5)am_S1V1_281564-h.mov;236c3d5fea9f99b2e4e910683c04dcd5</subfield>
    <subfield code="8">h</subfield>
  </datafield>
  <datafield tag="856" ind1="4" ind2=" ">
    <subfield code="2">EOS</subfield>
    <subfield code="q">MP4</subfield>
    <subfield code="u">https://cern.ch/digital-memory/media-archive/video/open/mp4/281564-j.mp4</subfield>
    <subfield code="s">553840082</subfield>
    <subfield code="y">Video-281564-j</subfield>
    <subfield code="z">mp4 video format (640x360)</subfield>
    <subfield code="w">(PICTURAE:MD5)ac_S1V1_281564-j.mp4;4f243c43b0287bc3b31f334295da4341</subfield>
    <subfield code="8">j</subfield>
  </datafield>
  <datafield tag="856" ind1="7" ind2=" ">
    <subfield code="2">EOS</subfield>
    <subfield code="q">MKV</subfield>
    <subfield code="d">/eos/media/cds/public/www/digital-memory/media-archive/video/open/mkv/281564-j.mkv</subfield>
    <subfield code="s">48743792233</subfield>
    <subfield code="w">(PICTURAE:MD5)pm_S1V1_281564-j.mkv;cf67a7da2caaba8f6b0df1ced112042d</subfield>
    <subfield code="8">j</subfield>
  </datafield>
  <datafield tag="856" ind1="7" ind2=" ">
    <subfield code="2">EOS</subfield>
    <subfield code="q">MOV</subfield>
    <subfield code="d">/eos/media/cds/public/www/digital-memory/media-archive/video/open/mov/281564-j.mov</subfield>
    <subfield code="s">13786425363</subfield>
    <subfield code="w">(PICTURAE:MD5)am_S1V1_281564-j.mov;e01c22779e68693a4d0bf517ab60f536</subfield>
    <subfield code="8">j</subfield>
  </datafield>
  <datafield tag="856" ind1="4" ind2=" ">
    <subfield code="2">EOS</subfield>
    <subfield code="q">MP4</subfield>
    <subfield code="u">https://cern.ch/digital-memory/media-archive/video/open/mp4/281564-k.mp4</subfield>
    <subfield code="s">596996877</subfield>
    <subfield code="y">Video-281564-k</subfield>
    <subfield code="z">mp4 video format (640x360)</subfield>
    <subfield code="w">(PICTURAE:MD5)ac_S1V1_281564-k.mp4;db328bf9c6931ef212ef79e84f8be6b4</subfield>
    <subfield code="8">k</subfield>
  </datafield>
  <datafield tag="856" ind1="7" ind2=" ">
    <subfield code="2">EOS</subfield>
    <subfield code="q">MKV</subfield>
    <subfield code="d">/eos/media/cds/public/www/digital-memory/media-archive/video/open/mkv/281564-k.mkv</subfield>
    <subfield code="s">51658955472</subfield>
    <subfield code="w">(PICTURAE:MD5)pm_S1V1_281564-k.mkv;72aefc95c752e6f1c07589a747732e17</subfield>
    <subfield code="8">k</subfield>
  </datafield>
  <datafield tag="856" ind1="7" ind2=" ">
    <subfield code="2">EOS</subfield>
    <subfield code="q">MOV</subfield>
    <subfield code="d">/eos/media/cds/public/www/digital-memory/media-archive/video/open/mov/281564-k.mov</subfield>
    <subfield code="s">14789195766</subfield>
    <subfield code="w">(PICTURAE:MD5)am_S1V1_281564-k.mov;2ea1abda98f927f01df325eaab5c4d8b</subfield>
    <subfield code="8">k</subfield>
  </datafield>
  <datafield tag="856" ind1="4" ind2=" ">
    <subfield code="2">EOS</subfield>
    <subfield code="q">MP4</subfield>
    <subfield code="u">https://cern.ch/digital-memory/media-archive/video/open/mp4/281564-i.mp4</subfield>
    <subfield code="s">629072830</subfield>
    <subfield code="y">Video-281564-i</subfield>
    <subfield code="z">mp4 video format (640x360)</subfield>
    <subfield code="w">(PICTURAE:MD5)ac_S1V1_281564-i.mp4;96080dcfbe45a37bdf93057adad54a7a</subfield>
    <subfield code="8">i</subfield>
  </datafield>
  <datafield tag="856" ind1="7" ind2=" ">
    <subfield code="2">EOS</subfield>
    <subfield code="q">MKV</subfield>
    <subfield code="d">/eos/media/cds/public/www/digital-memory/media-archive/video/open/mkv/281564-i.mkv</subfield>
    <subfield code="s">57910891410</subfield>
    <subfield code="w">(PICTURAE:MD5)pm_S1V1_281564-i.mkv;a1ed571862b1bfb1c33e7a7c56afbcde</subfield>
    <subfield code="8">i</subfield>
  </datafield>
  <datafield tag="856" ind1="7" ind2=" ">
    <subfield code="2">EOS</subfield>
    <subfield code="q">MOV</subfield>
    <subfield code="d">/eos/media/cds/public/www/digital-memory/media-archive/video/open/mov/281564-i.mov</subfield>
    <subfield code="s">15634390382</subfield>
    <subfield code="w">(PICTURAE:MD5)am_S1V1_281564-i.mov;e7a995409da0e26d71f83e510bc14921</subfield>
    <subfield code="8">i</subfield>
  </datafield>
  <datafield tag="856" ind1="4" ind2=" ">
    <subfield code="2">EOS</subfield>
    <subfield code="q">MP4</subfield>
    <subfield code="u">https://cern.ch/digital-memory/media-archive/video/open/mp4/281564-c.mp4</subfield>
    <subfield code="y">Video-281564-c</subfield>
    <subfield code="z">mp4 video format (640x360)</subfield>
    <subfield code="w">(PICTURAE:MD5)ac_S1V1_281564-c.mp4;53e7a45d45b128a2aca5e48f1de19097</subfield>
  </datafield>
  <datafield tag="856" ind1="7" ind2=" ">
    <subfield code="2">EOS</subfield>
    <subfield code="q">MOV</subfield>
    <subfield code="d">/eos/media/cds/public/www/digital-memory/media-archive/video/open/mov/281564-c.mov</subfield>
    <subfield code="w">(PICTURAE:MD5)am_S1V1_281564-c.mov;21577defa08e57e1e937d9f22b6a8bff</subfield>
  </datafield>
  <datafield tag="856" ind1="7" ind2=" ">
    <subfield code="2">EOS</subfield>
    <subfield code="q">MKV</subfield>
    <subfield code="d">/eos/media/cds/public/www/digital-memory/media-archive/video/open/mkv/281564-c.mkv</subfield>
    <subfield code="w">(PICTURAE:MD5)pm_S1V1_281564-c.mkv;edb433c3736e34d0f80c20cbdb5a92c5</subfield>
  </datafield>
  <datafield tag="916" ind1=" " ind2=" ">
    <subfield code="s">n</subfield>
    <subfield code="w">200150</subfield>
  </datafield>
  <datafield tag="960" ind1=" " ind2=" ">
    <subfield code="a">200</subfield>
  </datafield>
  <datafield tag="961" ind1=" " ind2=" ">
    <subfield code="c">20081215</subfield>
    <subfield code="h">1527</subfield>
    <subfield code="l">CER01</subfield>
    <subfield code="x">19950511</subfield>
  </datafield>
  <datafield tag="961" ind1=" " ind2=" ">
    <subfield code="a">Tom Barth\xc3\xa9l\xc3\xa9my</subfield>
    <subfield code="b">Curator</subfield>
    <subfield code="x">2021-03-01</subfield>
  </datafield>
  <datafield tag="962" ind1=" " ind2=" ">
    <subfield code="b">524907</subfield>
    <subfield code="n">cern930901</subfield>
  </datafield>
  <datafield tag="963" ind1=" " ind2=" ">
    <subfield code="a">PUBLIC</subfield>
  </datafield>
  <datafield tag="963" ind1=" " ind2=" ">
    <subfield code="9">review</subfield>
    <subfield code="a">PUBLIC</subfield>
  </datafield>
  <datafield tag="963" ind1=" " ind2=" ">
    <subfield code="9">review
</subfield>
    <subfield code="a">PUBLIC</subfield>
    <subfield code="8">c</subfield>
  </datafield>
  <datafield tag="964" ind1=" " ind2=" ">
    <subfield code="a">0002</subfield>
  </datafield>
  <datafield tag="970" ind1=" " ind2=" ">
    <subfield code="a">000201696CER</subfield>
  </datafield>
  <datafield tag="980" ind1=" " ind2=" ">
    <subfield code="a">VIDEOARC</subfield>
  </datafield>
  <datafield tag="980" ind1=" " ind2=" ">
    <subfield code="a">Indico</subfield>
    <subfield code="b">ACAD</subfield>
  </datafield>
</record>