
</collection>
<collection xmlns="http://www.loc.gov/MARC21/slim">
<record>
  <controlfield tag="001">280543</controlfield>
  <controlfield tag="003">SzGeCERN</controlfield>
  <controlfield tag="005">20221103091930.0</controlfield>
  <datafield tag="024" ind1="8" ind2=" ">
    <subfield code="a">oai:cds.cern.ch:280543</subfield>
    <subfield code="p">cerncds:FULLTEXT</subfield>
    <subfield code="p">forSciTalks</subfield>
    <subfield code="p">cerncds:TALK</subfield>
    <subfield code="p">cerncds:TALK:FULLTEXT</subfield>
    <subfield code="p">cerncds:MEMORIAV</subfield>
  </datafield>
  <datafield tag="035" ind1=" " ind2=" ">
    <subfield code="a">0200610CERCER</subfield>
  </datafield>
  <datafield tag="041" ind1=" " ind2=" ">
    <subfield code="9">review</subfield>
    <subfield code="a">eng</subfield>
  </datafield>
  <datafield tag="088" ind1=" " ind2=" ">
    <subfield code="9">CERN-VIDEO-C-178-A</subfield>
  </datafield>
  <datafield tag="088" ind1=" " ind2=" ">
    <subfield code="9">CERN-VIDEO-C-178-B</subfield>
  </datafield>
  <datafield tag="088" ind1=" " ind2=" ">
    <subfield code="9">CERN-VIDEO-C-178-C</subfield>
  </datafield>
  <datafield tag="088" ind1=" " ind2=" ">
    <subfield code="9">CERN-VIDEO-C-178-D</subfield>
  </datafield>
  <datafield tag="100" ind1=" " ind2=" ">
    <subfield code="a">Alvarez-Gaum\xc3\xa9, Lu\xc3\xads</subfield>
  </datafield>
  <datafield tag="245" ind1=" " ind2=" ">
    <subfield code="a">Introduction to quantum field theory</subfield>
  </datafield>
  <datafield tag="250" ind1=" " ind2=" ">
    <subfield code="a">1994 ed.</subfield>
  </datafield>
  <datafield tag="260" ind1=" " ind2=" ">
    <subfield code="a">Geneva</subfield>
    <subfield code="b">CERN</subfield>
    <subfield code="c">1994</subfield>
  </datafield>
  <datafield tag="260" ind1=" " ind2=" ">
    <subfield code="9">review</subfield>
    <subfield code="c">1994</subfield>
  </datafield>
  <datafield tag="260" ind1=" " ind2=" ">
    <subfield code="9">review Mar2021</subfield>
    <subfield code="c">1994</subfield>
    <subfield code="8">c</subfield>
  </datafield>
  <datafield tag="269" ind1=" " ind2=" ">
    <subfield code="c">1994-10-11</subfield>
  </datafield>
  <datafield tag="300" ind1=" " ind2=" ">
    <subfield code="a">Transparencies ; 1 DVD video ; 2 VHS video</subfield>
    <subfield code="b">720x576 4/3, 25</subfield>
  </datafield>
  <datafield tag="300" ind1=" " ind2=" ">
    <subfield code="2">CERN-VIDEO-C-178-D</subfield>
    <subfield code="8">D</subfield>
    <subfield code="a">01:11:54:00</subfield>
    <subfield code="b">720x576 4/3, 25</subfield>
  </datafield>
  <datafield tag="300" ind1=" " ind2=" ">
    <subfield code="2">CERN-VIDEO-C-178-A</subfield>
    <subfield code="8">A</subfield>
    <subfield code="a">01:06:21:00</subfield>
    <subfield code="b">720x576 4/3, 25</subfield>
  </datafield>
  <datafield tag="300" ind1=" " ind2=" ">
    <subfield code="2">CERN-VIDEO-C-178-B</subfield>
    <subfield code="8">B</subfield>
    <subfield code="a">01:11:37:00</subfield>
    <subfield code="b">720x576 4/3, 25</subfield>
  </datafield>
  <datafield tag="300" ind1=" " ind2=" ">
    <subfield code="2">CERN-VIDEO-C-178-C</subfield>
    <subfield code="8">C</subfield>
    <subfield code="a">01:14:05:00</subfield>
    <subfield code="b">720x576 4/3, 25</subfield>
  </datafield>
  <datafield tag="337" ind1=" " ind2=" ">
    <subfield code="a">Video</subfield>
  </datafield>
  <datafield tag="340" ind1=" " ind2=" ">
    <subfield code="a">paper</subfield>
  </datafield>
  <datafield tag="340" ind1=" " ind2=" ">
    <subfield code="8">A</subfield>
    <subfield code="9">ALVAREZ-GAUME-1</subfield>
    <subfield code="a">Betacam</subfield>
    <subfield code="j">Master</subfield>
    <subfield code="k">19941011</subfield>
  </datafield>
  <datafield tag="340" ind1=" " ind2=" ">
    <subfield code="8">B</subfield>
    <subfield code="9">ALVAREZ-GAUME-2</subfield>
    <subfield code="a">Betacam</subfield>
    <subfield code="j">Master</subfield>
    <subfield code="k">19941012</subfield>
  </datafield>
  <datafield tag="340" ind1=" " ind2=" ">
    <subfield code="8">C</subfield>
    <subfield code="9">ALVAREZ-GAUME-3</subfield>
    <subfield code="a">Betacam</subfield>
    <subfield code="j">Master</subfield>
    <subfield code="k">19941013</subfield>
  </datafield>
  <datafield tag="340" ind1=" " ind2=" ">
    <subfield code="8">D</subfield>
    <subfield code="9">ALVAREZ-GAUME-4</subfield>
    <subfield code="a">Betacam</subfield>
    <subfield code="j">Master</subfield>
    <subfield code="k">19941014</subfield>
  </datafield>
  <datafield tag="490" ind1=" " ind2=" ">
    <subfield code="a">CERN Academic Training Lecture</subfield>
    <subfield code="v">300</subfield>
  </datafield>
  <datafield tag="500" ind1=" " ind2=" ">
    <subfield code="a">The video was digitized from its original recording as part of the CERN Digital Memory project</subfield>
  </datafield>
  <datafield tag="511" ind1="1" ind2=" ">
    <subfield code="8">b</subfield>
    <subfield code="9">review</subfield>
    <subfield code="a">Luis Alvarez-Gaum\xc3\xa9</subfield>
  </datafield>
  <datafield tag="511" ind1="1" ind2=" ">
    <subfield code="8">c</subfield>
    <subfield code="9">review</subfield>
    <subfield code="a">Luis Alvarez-Gaum\xc3\xa9</subfield>
  </datafield>
  <datafield tag="511" ind1="1" ind2=" ">
    <subfield code="8">a</subfield>
    <subfield code="9">review</subfield>
    <subfield code="a">Luis Alvarez-Gaum\xc3\xa9</subfield>
  </datafield>
  <datafield tag="511" ind1="1" ind2=" ">
    <subfield code="8">b</subfield>
    <subfield code="9">review</subfield>
    <subfield code="a">L. Alvarez-Gaume</subfield>
  </datafield>
  <datafield tag="511" ind1="1" ind2=" ">
    <subfield code="8">c</subfield>
    <subfield code="9">review</subfield>
    <subfield code="a">L. Alvarez-Gaume</subfield>
  </datafield>
  <datafield tag="511" ind1="1" ind2=" ">
    <subfield code="8">a</subfield>
    <subfield code="9">review</subfield>
    <subfield code="a">L. Alvarez-Gaume</subfield>
  </datafield>
  <datafield tag="511" ind1="1" ind2=" ">
    <subfield code="9">review Mar2021</subfield>
    <subfield code="8">c</subfield>
    <subfield code="a">Alvarez-Gaum\xc3\xa9, Lu\xc3\xads</subfield>
  </datafield>
  <datafield tag="514" ind1=" " ind2=" ">
    <subfield code="a">Audio present but not on all channels -  Low RF, noisy picture -  Video tracking issue -</subfield>
  </datafield>
  <datafield tag="514" ind1=" " ind2=" ">
    <subfield code="a">Audio present but not on all channels -  High frequency interference pattern -  Low RF, noisy picture -  Video tracking issue -</subfield>
  </datafield>
  <datafield tag="514" ind1=" " ind2=" ">
    <subfield code="8">a</subfield>
    <subfield code="a">Audio present but not on all channels -  High frequency interference pattern -  Low RF, noisy picture -  Video tracking issue -</subfield>
  </datafield>
  <datafield tag="518" ind1=" " ind2=" ">
    <subfield code="a">CERN, Geneva, 11 - 14 Oct 1994</subfield>
  </datafield>
  <datafield tag="520" ind1=" " ind2=" ">
    <subfield code="a">The purpose of this lecture is to review some elementary aspects of Quantum Field Theory. From the necessity to introduce quantum fields once quantum mechanics and special relativity are put together, to some of the basic practical computational tools in the subject, including the canonical quantization of simple field theories, the derivation of Feynman rules, computation of cross sections and decay rates, some introductory remarks on the treatment of unstable states and the possible realization of symmetries in a general field theory. The audience is required to have a working knowledge of quantum mechanics and special relativity and it would also be desirable to know the rudiments of relativistic quantum mechanics.</subfield>
  </datafield>
  <datafield tag="520" ind1=" " ind2=" ">
    <subfield code="8">b</subfield>
    <subfield code="9">review</subfield>
    <subfield code="a">A lecture series reviewing some elementary aspects of Quantum Field Theory</subfield>
  </datafield>
  <datafield tag="542" ind1=" " ind2=" ">
    <subfield code="d">CERN</subfield>
    <subfield code="g">1994</subfield>
  </datafield>
  <datafield tag="542" ind1="1" ind2=" ">
    <subfield code="9">review</subfield>
    <subfield code="d">CERN</subfield>
    <subfield code="g">1994</subfield>
  </datafield>
  <datafield tag="542" ind1="1" ind2=" ">
    <subfield code="9">review Mar2021</subfield>
    <subfield code="d">CERN</subfield>
  </datafield>
  <datafield tag="583" ind1="1" ind2=" ">
    <subfield code="2">pda</subfield>
    <subfield code="3">Betacam SP</subfield>
    <subfield code="5">SzGeCERN</subfield>
    <subfield code="6">WEEK49-public</subfield>
    <subfield code="8">b</subfield>
    <subfield code="a">digitized</subfield>
    <subfield code="b">S1V1: SDI Signal - Digital Betacam, Betacam SP, Betacam, Betacam SX, DVCAM, DVCPRO, DV/Mini DV</subfield>
    <subfield code="c">20171025</subfield>
    <subfield code="f">CERN Digital Memory Project</subfield>
    <subfield code="f">public</subfield>
    <subfield code="i">CREATE-MARC-run20180620_1021</subfield>
    <subfield code="k">PICTURAE</subfield>
    <subfield code="l">L. Alvarez-Gaume B</subfield>
    <subfield code="u">https://cds.cern.ch/record/2257246</subfield>
    <subfield code="x">- VISUAL INSPECTION TABLE timing: from 25/10/2017 09:58 to 25/10/2017 09:58 -
 - RTI VT 4100 timing: from 25/10/2017 09:59 to 25/10/2017 10:08 -
 - MAC-V017 timing: from 25/10/2017 10:08 to 25/10/2017 11:22 -</subfield>
    <subfield code="z">- VISUAL INSPECTION TABLE of Betacam SP () true  - 
 - RTI VT 4100 of Betacam SP () true  - 
 - MAC-V017 of Betacam SP () true Low RF, noisy picture | Video tracking issue | Audio present but not on all channels -</subfield>
  </datafield>
  <datafield tag="583" ind1="1" ind2=" ">
    <subfield code="2">pda</subfield>
    <subfield code="3">Betacam SP</subfield>
    <subfield code="5">SzGeCERN</subfield>
    <subfield code="6">WEEK49-public</subfield>
    <subfield code="8">c</subfield>
    <subfield code="a">digitized</subfield>
    <subfield code="b">S1V1: SDI Signal - Digital Betacam, Betacam SP, Betacam, Betacam SX, DVCAM, DVCPRO, DV/Mini DV</subfield>
    <subfield code="c">20171107</subfield>
    <subfield code="f">CERN Digital Memory Project</subfield>
    <subfield code="f">public</subfield>
    <subfield code="i">CREATE-MARC-run20180620_1021</subfield>
    <subfield code="k">PICTURAE</subfield>
    <subfield code="l">L. Alvarez-Gaume C</subfield>
    <subfield code="u">https://cds.cern.ch/record/2257246</subfield>
    <subfield code="x">- VISUAL INSPECTION TABLE timing: from 25/10/2017 09:41 to 25/10/2017 09:41 -
 - RTI VT 4100 timing: from 25/10/2017 09:41 to 25/10/2017 09:48 -
 - MAC-V011 timing: from 25/10/2017 09:49 to 25/10/2017 10:05 -
 - OVEN timing: from 26/10/2017 08:47 to 27/10/2017 12:15 -
 - RTI VT 4100 timing: from 27/10/2017 12:57 to 27/10/2017 13:01 -
 - MAC-V012 timing: from 30/10/2017 14:37 to 30/10/2017 15:47 -
 - OVEN timing: from 30/10/2017 15:47 to 31/10/2017 16:17 -
 - RTI VT 4100 timing: from 02/11/2017 10:36 to 02/11/2017 12:10 -
 - MAC-V015 timing: from 07/11/2017 15:34 to 07/11/2017 16:55 -
 - MANUAL QC GEN timing: from 07/11/2017 16:56 to 07/11/2017 16:56 -</subfield>
    <subfield code="z">- VISUAL INSPECTION TABLE of Betacam SP () true  - 
 - RTI VT 4100 of Betacam SP () true  - 
 - MAC-V011 of Betacam SP () false Low RF, noisy picture | Video tracking issue | High frequency interference pattern - 
 - OVEN of Betacam SP () true  - 
 - RTI VT 4100 of Betacam SP () true  - 
 - MAC-V012 of Betacam SP () false High frequency interference pattern | Low RF, noisy picture - 
 - OVEN of Betacam SP () true  - 
 - RTI VT 4100 of Betacam SP () true  - 
 - MAC-V015 of Betacam SP () true Audio present but not on all channels | Low RF, noisy picture - 
 - MANUAL QC GEN of Betacam SP () true  -</subfield>
  </datafield>
  <datafield tag="583" ind1="1" ind2=" ">
    <subfield code="2">pda</subfield>
    <subfield code="3">Betacam SP</subfield>
    <subfield code="5">SzGeCERN</subfield>
    <subfield code="6">WEEK11-public</subfield>
    <subfield code="8">a</subfield>
    <subfield code="a">digitized</subfield>
    <subfield code="b">S1V1: SDI Signal - Digital Betacam, Betacam SP, Betacam, Betacam SX, DVCAM, DVCPRO, DV/Mini DV</subfield>
    <subfield code="c">20180117</subfield>
    <subfield code="f">CERN Digital Memory Project</subfield>
    <subfield code="f">public</subfield>
    <subfield code="i">CREATE-MARC-run20180622_170630</subfield>
    <subfield code="k">PICTURAE</subfield>
    <subfield code="l">L. Alvarez-Gaume A</subfield>
    <subfield code="u">https://cds.cern.ch/record/2257246</subfield>
    <subfield code="x">- VISUAL INSPECTION TABLE timing: from 25/10/2017 09:58 to 25/10/2017 09:58 -
 - RTI VT 4100 timing: from 25/10/2017 09:59 to 25/10/2017 10:06 -
 - MAC-V016 timing: from 25/10/2017 10:06 to 25/10/2017 10:09 -
 - OVEN timing: from 26/10/2017 08:49 to 27/10/2017 12:15 -
 - RTI VT 4100 timing: from 27/10/2017 12:51 to 27/10/2017 12:59 -
 - MAC-V011 timing: from 30/10/2017 14:37 to 30/10/2017 15:31 -
 - OVEN timing: from 30/10/2017 15:31 to 31/10/2017 16:17 -
 - RTI VT 4100 timing: from 02/11/2017 10:37 to 02/11/2017 11:33 -
 - MAC-V016 timing: from 09/11/2017 15:23 to 09/11/2017 15:58 -
 - REJECT timing: from 09/11/2017 15:58 to 09/11/2017 15:58 -
 - RTI VT 4100 timing: from 10/01/2018 08:25 to 10/01/2018 08:31 -
 - MAC-V018 timing: from 11/01/2018 07:52 to 11/01/2018 09:05 -
 - MANUAL QC GEN timing: from 17/01/2018 16:20 to 17/01/2018 16:20 -
 - FILE_PRESENCE timing: from 17/01/2018 16:20 to 17/01/2018 16:20 -</subfield>
    <subfield code="z">- VISUAL INSPECTION TABLE of Betacam SP () true  - 
 - RTI VT 4100 of Betacam SP () true  - 
 - MAC-V016 of Betacam SP () false Low RF, noisy picture | Video tracking issue | High frequency interference pattern - 
 - OVEN of Betacam SP () true  - 
 - RTI VT 4100 of Betacam SP () true  - 
 - MAC-V011 of Betacam SP () false High frequency interference pattern | Video tracking issue - 
 - OVEN of Betacam SP () true  - 
 - RTI VT 4100 of Betacam SP () true  - 
 - MAC-V016 of Betacam SP () false High frequency interference pattern | Video tracking issue | Low RF, noisy picture - 
 - REJECT of Betacam SP () true High frequency interference pattern | Video tracking issue | Low RF, noisy picture - 
 - RTI VT 4100 of Betacam SP () true  - 
 - MAC-V018 of Betacam SP () true Audio present but not on all channels | Low RF, noisy picture - 
 - MANUAL QC GEN of Betacam SP () true  - 
 - FILE_PRESENCE of Betacam SP () true  -</subfield>
  </datafield>
  <datafield tag="583" ind1="1" ind2=" ">
    <subfield code="2">pda</subfield>
    <subfield code="5">SzGeCERN</subfield>
    <subfield code="a">digitized</subfield>
    <subfield code="c">202103</subfield>
    <subfield code="f">CERN Digital Memory Project</subfield>
    <subfield code="i">OPEN-REFINE Project Mar2021 New HDD</subfield>
    <subfield code="k">PICTURAE</subfield>
    <subfield code="u">https://cds.cern.ch/record/2257246</subfield>
  </datafield>
  <datafield tag="583" ind1="1" ind2=" ">
    <subfield code="3">Betacam SP</subfield>
    <subfield code="6">disks/DELIVERY65</subfield>
    <subfield code="b">S1V1</subfield>
    <subfield code="n">75,0866666666667</subfield>
    <subfield code="o">minutes</subfield>
    <subfield code="8">d</subfield>
  </datafield>
  <datafield tag="583" ind1=" " ind2=" ">
    <subfield code="a">curation</subfield>
    <subfield code="c">Decembre 2020</subfield>
    <subfield code="8">c</subfield>
    <subfield code="z"> -Audio: TRUE -Video Signal: TRUE -Multiple: FALSE -Relevant to CERN: TRUE -Action required: To be removed -Duplicate: TRUE</subfield>
  </datafield>
  <datafield tag="583" ind1=" " ind2=" ">
    <subfield code="a">curation</subfield>
    <subfield code="c">Decembre 2020</subfield>
    <subfield code="8">d</subfield>
    <subfield code="z"> -Audio: TRUE -Video Signal: TRUE -Multiple: FALSE -Relevant to CERN: TRUE -Duplicate: FALSE</subfield>
  </datafield>
  <datafield tag="590" ind1=" " ind2=" ">
    <subfield code="8">b</subfield>
    <subfield code="9">review</subfield>
    <subfield code="a">Conf\xc3\xa9rence sur les bases des th\xc3\xa9ories quantiques des champs et le mod\xc3\xa8le standard</subfield>
  </datafield>
  <datafield tag="594" ind1=" " ind2=" ">
    <subfield code="9">review</subfield>
    <subfield code="a">Conference Speech</subfield>
  </datafield>
  <datafield tag="594" ind1=" " ind2=" ">
    <subfield code="9">review Mar2021</subfield>
    <subfield code="8">c</subfield>
    <subfield code="a">Conference Speech</subfield>
  </datafield>
  <datafield tag="595" ind1=" " ind2=" ">
    <subfield code="a">VHS video</subfield>
  </datafield>
  <datafield tag="595" ind1=" " ind2=" ">
    <subfield code="a">VIDEO-MF</subfield>
  </datafield>
  <datafield tag="650" ind1="1" ind2="7">
    <subfield code="2">SzGeCERN</subfield>
    <subfield code="a">General Theoretical Physics</subfield>
  </datafield>
  <datafield tag="650" ind1="2" ind2="7">
    <subfield code="9">review</subfield>
    <subfield code="a">Portraits of science</subfield>
  </datafield>
  <datafield tag="650" ind1="2" ind2="7">
    <subfield code="9">review Mar2021</subfield>
    <subfield code="a">Portraits of science</subfield>
  </datafield>
  <datafield tag="653" ind1="1" ind2=" ">
    <subfield code="8">b</subfield>
    <subfield code="9">review</subfield>
    <subfield code="a">academic training</subfield>
  </datafield>
  <datafield tag="653" ind1="1" ind2=" ">
    <subfield code="8">b</subfield>
    <subfield code="9">review</subfield>
    <subfield code="a">quantum mechanics</subfield>
  </datafield>
  <datafield tag="653" ind1="1" ind2=" ">
    <subfield code="8">b</subfield>
    <subfield code="9">review</subfield>
    <subfield code="a">Standard Model</subfield>
  </datafield>
  <datafield tag="653" ind1="1" ind2=" ">
    <subfield code="8">b</subfield>
    <subfield code="9">review</subfield>
    <subfield code="a">quantum field</subfield>
  </datafield>
  <datafield tag="653" ind1="1" ind2=" ">
    <subfield code="8">b</subfield>
    <subfield code="9">review</subfield>
    <subfield code="a">Introduction \xc3\xa0 la th\xc3\xa9orie quantique des champs</subfield>
  </datafield>
  <datafield tag="653" ind1="1" ind2=" ">
    <subfield code="8">b</subfield>
    <subfield code="9">review</subfield>
    <subfield code="a">le mod\xc3\xa8le standard</subfield>
  </datafield>
  <datafield tag="653" ind1="1" ind2=" ">
    <subfield code="8">b</subfield>
    <subfield code="9">review</subfield>
    <subfield code="a">interactions fortes</subfield>
  </datafield>
  <datafield tag="653" ind1="1" ind2=" ">
    <subfield code="8">b</subfield>
    <subfield code="9">review</subfield>
    <subfield code="a">interaction faibles</subfield>
  </datafield>
  <datafield tag="653" ind1="1" ind2=" ">
    <subfield code="8">b</subfield>
    <subfield code="9">review</subfield>
    <subfield code="a">physique \xc3\xa0 haute \xc3\xa9nergie</subfield>
  </datafield>
  <datafield tag="653" ind1="1" ind2=" ">
    <subfield code="8">b</subfield>
    <subfield code="9">review</subfield>
    <subfield code="a">physique th\xc3\xa9orique</subfield>
  </datafield>
  <datafield tag="690" ind1="C" ind2=" ">
    <subfield code="a">ACAD</subfield>
  </datafield>
  <datafield tag="690" ind1="C" ind2=" ">
    <subfield code="a">CERN</subfield>
  </datafield>
  <datafield tag="690" ind1="C" ind2=" ">
    <subfield code="a">movingimages</subfield>
  </datafield>
  <datafield tag="690" ind1="C" ind2=" ">
    <subfield code="9">CERN QA</subfield>
    <subfield code="a">quality-controlled</subfield>
  </datafield>
  <datafield tag="690" ind1="C" ind2=" ">
    <subfield code="9">review</subfield>
    <subfield code="a">reviewed</subfield>
  </datafield>
  <datafield tag="710" ind1=" " ind2=" ">
    <subfield code="5">TH</subfield>
  </datafield>
  <datafield tag="710" ind1=" " ind2=" ">
    <subfield code="a">CERN. Geneva</subfield>
  </datafield>
  <datafield tag="852" ind1=" " ind2=" ">
    <subfield code="c">CERN Depot 1, bldg. 2 (DE1)</subfield>
    <subfield code="h">1994 Alvarez-Gaume 1</subfield>
  </datafield>
  <datafield tag="852" ind1=" " ind2=" ">
    <subfield code="c">CERN Central Library</subfield>
    <subfield code="h">Acad. Train. 300</subfield>
  </datafield>
  <datafield tag="852" ind1=" " ind2=" ">
    <subfield code="c">CERN Depot 1, bldg. 2 (DE1)</subfield>
    <subfield code="h">1994 Alvarez-Gaume 2</subfield>
  </datafield>
  <datafield tag="852" ind1=" " ind2=" ">
    <subfield code="c">CERN Depot 2, bldg. 2 (DE2)</subfield>
    <subfield code="h">1994 Alvarez-Gaume</subfield>
  </datafield>
  <datafield tag="852" ind1=" " ind2=" ">
    <subfield code="c">CERN Central Library</subfield>
    <subfield code="h">300</subfield>
  </datafield>
  <datafield tag="852" ind1=" " ind2=" ">
    <subfield code="8">A</subfield>
    <subfield code="a">60</subfield>
    <subfield code="b">Z2641</subfield>
    <subfield code="c">CM-A00000312</subfield>
  </datafield>
  <datafield tag="852" ind1=" " ind2=" ">
    <subfield code="8">B</subfield>
    <subfield code="a">60</subfield>
    <subfield code="b">Z2641</subfield>
    <subfield code="c">CM-A00000312</subfield>
  </datafield>
  <datafield tag="852" ind1=" " ind2=" ">
    <subfield code="8">C</subfield>
    <subfield code="a">60</subfield>
    <subfield code="b">Z2641</subfield>
    <subfield code="c">CM-A00000312</subfield>
  </datafield>
  <datafield tag="852" ind1=" " ind2=" ">
    <subfield code="8">D</subfield>
    <subfield code="a">60</subfield>
    <subfield code="b">Z2641</subfield>
    <subfield code="c">CM-A00000312</subfield>
  </datafield>
  <datafield tag="856" ind1="4" ind2=" ">
    <subfield code="u">http://preprints.cern.ch/cgi-bin/setlink?base=AT&amp;categ=Academic_Training&amp;id=B00001403</subfield>
    <subfield code="y">Transparencies</subfield>
  </datafield>
  <datafield tag="856" ind1="4" ind2=" ">
    <subfield code="u">http://cds.cern.ch/record/280543/files/B00001403.pdf</subfield>
  </datafield>
  <datafield tag="856" ind1="4" ind2=" ">
    <subfield code="u">http://cds.cern.ch/record/280543/files/B00001403.tif</subfield>
    <subfield code="y">Transparencies</subfield>
  </datafield>
  <datafield tag="856" ind1="4" ind2=" ">
    <subfield code="2">EOS</subfield>
    <subfield code="8">b</subfield>
    <subfield code="i">Video with subtitle</subfield>
    <subfield code="q">MP4</subfield>
    <subfield code="s">687382118</subfield>
    <subfield code="u">https://cern.ch/digital-memory/media-archive/video/open/mp4/280543-b.mp4</subfield>
    <subfield code="w">(PICTURAE:MD5)ac_S1V1_280543-b.mp4;a31395223a3638e24950de0380ed944b</subfield>
    <subfield code="y">Video-280543-b</subfield>
    <subfield code="z">mp4 video format (640x360)</subfield>
  </datafield>
  <datafield tag="856" ind1="4" ind2=" ">
    <subfield code="2">EOS</subfield>
    <subfield code="8">c</subfield>
    <subfield code="q">MP4</subfield>
    <subfield code="s">703449013</subfield>
    <subfield code="u">https://cern.ch/digital-memory/media-archive/video/open/mp4/280543-c.mp4</subfield>
    <subfield code="w">(PICTURAE:MD5)ac_S1V1_280543-c.mp4;190cf3288933de607400845afb393c2a</subfield>
    <subfield code="y">Video-280543-c</subfield>
    <subfield code="z">mp4 video format (640x360)</subfield>
  </datafield>
  <datafield tag="856" ind1="4" ind2=" ">
    <subfield code="2">EOS</subfield>
    <subfield code="8">a</subfield>
    <subfield code="q">MP4</subfield>
    <subfield code="s">657694296</subfield>
    <subfield code="u">https://cern.ch/digital-memory/media-archive/video/open/mp4/280543-a.mp4</subfield>
    <subfield code="w">(PICTURAE:MD5)ac_S1V1_280543-a.mp4;71e3f3092ad1efe23001394bd0098ed0</subfield>
    <subfield code="y">Video-280543-a</subfield>
    <subfield code="z">mp4 video format (640x360)</subfield>
  </datafield>
  <datafield tag="856" ind1="7" ind2=" ">
    <subfield code="2">MediaArchive</subfield>
    <subfield code="d">\\\\cern.ch\\dfs\\Services\\MediaArchive\\Video\\Masters\\Conferences\\1994\\CERN-VIDEO-C-178-A.avi</subfield>
    <subfield code="x">Absolute master path</subfield>
  </datafield>
  <datafield tag="856" ind1="7" ind2=" ">
    <subfield code="2">MediaArchive</subfield>
    <subfield code="u">http://mediaarchive.cern.ch/MediaArchive/Video/Public/Conferences/1994/CERN-VIDEO-C-178-A/CERN-VIDEO-C-178-A-0480-kbps-384x288-25-fps-audio-128-kbps-48-kHz-stereo.wmv</subfield>
    <subfield code="x">wmv0480</subfield>
    <subfield code="y">0480 kbps 384x288 25 fps audio 128 kbps 48 kHz stereo</subfield>
  </datafield>
  <datafield tag="856" ind1="7" ind2=" ">
    <subfield code="2">MediaArchive</subfield>
    <subfield code="u">http://mediaarchive.cern.ch/MediaArchive/Video/Public/Conferences/1994/CERN-VIDEO-C-178-A/CERN-VIDEO-C-178-A-0600-kbps-maxH-360-25-fps-audio-128-kbps-48-kHz-stereo.mp4</subfield>
    <subfield code="x">mp40600</subfield>
    <subfield code="y">0600 kbps maxH 360 25 fps audio 128 kbps 48 kHz stereo</subfield>
  </datafield>
  <datafield tag="856" ind1="7" ind2=" ">
    <subfield code="2">MediaArchive</subfield>
    <subfield code="u">http://mediaarchive.cern.ch/MediaArchive/Video/Public/Conferences/1994/CERN-VIDEO-C-178-A/CERN-VIDEO-C-178-A-0753-kbps-480x360-25-fps-audio-64-kbps-44-kHz-stereo.flv</subfield>
    <subfield code="x">flv0753</subfield>
    <subfield code="y">0753 kbps 480x360 25 fps audio 64 kbps 44 kHz stereo</subfield>
  </datafield>
  <datafield tag="856" ind1="7" ind2=" ">
    <subfield code="2">MediaArchive</subfield>
    <subfield code="u">http://mediaarchive.cern.ch/MediaArchive/Video/Public/Conferences/1994/CERN-VIDEO-C-178-A/CERN-VIDEO-C-178-A-0753-kbps-480x360-25-fps-audio-64-kbps-48-kHz-stereo.wmv</subfield>
    <subfield code="x">wmv0753</subfield>
    <subfield code="y">0753 kbps 480x360 25 fps audio 64 kbps 48 kHz stereo</subfield>
  </datafield>
  <datafield tag="856" ind1="7" ind2=" ">
    <subfield code="2">MediaArchive</subfield>
    <subfield code="u">http://mediaarchive.cern.ch/MediaArchive/Video/Public/Conferences/1994/CERN-VIDEO-C-178-A/CERN-VIDEO-C-178-A-Multirate-200-to-753-kbps-480x360.wmv</subfield>
    <subfield code="x">wmvMultirate</subfield>
    <subfield code="y">Multirate 200 to 753 kbps 480x360</subfield>
  </datafield>
  <datafield tag="856" ind1="7" ind2=" ">
    <subfield code="2">MediaArchive</subfield>
    <subfield code="u">http://mediaarchive.cern.ch/MediaArchive/Video/Public/Conferences/1994/CERN-VIDEO-C-178-A/CERN-VIDEO-C-178-A-posterframe-480x360-at-0-percent.jpg</subfield>
    <subfield code="x">jpgposterframe</subfield>
    <subfield code="y">posterframe 480x360 at 0 percent</subfield>
  </datafield>
  <datafield tag="856" ind1="7" ind2=" ">
    <subfield code="2">MediaArchive</subfield>
    <subfield code="u">http://mediaarchive.cern.ch/MediaArchive/Video/Public/Conferences/1994/CERN-VIDEO-C-178-A/CERN-VIDEO-C-178-A-posterframe-480x360-at-10-percent.jpg</subfield>
    <subfield code="x">jpgposterframe</subfield>
    <subfield code="y">posterframe 480x360 at 10 percent</subfield>
  </datafield>
  <datafield tag="856" ind1="7" ind2=" ">
    <subfield code="2">MediaArchive</subfield>
    <subfield code="u">http://mediaarchive.cern.ch/MediaArchive/Video/Public/Conferences/1994/CERN-VIDEO-C-178-A/CERN-VIDEO-C-178-A-posterframe-480x360-at-20-percent.jpg</subfield>
    <subfield code="x">jpgposterframe</subfield>
    <subfield code="y">posterframe 480x360 at 20 percent</subfield>
  </datafield>
  <datafield tag="856" ind1="7" ind2=" ">
    <subfield code="2">MediaArchive</subfield>
    <subfield code="u">http://mediaarchive.cern.ch/MediaArchive/Video/Public/Conferences/1994/CERN-VIDEO-C-178-A/CERN-VIDEO-C-178-A-posterframe-480x360-at-30-percent.jpg</subfield>
    <subfield code="x">jpgposterframe</subfield>
    <subfield code="y">posterframe 480x360 at 30 percent</subfield>
  </datafield>
  <datafield tag="856" ind1="7" ind2=" ">
    <subfield code="2">MediaArchive</subfield>
    <subfield code="u">http://mediaarchive.cern.ch/MediaArchive/Video/Public/Conferences/1994/CERN-VIDEO-C-178-A/CERN-VIDEO-C-178-A-posterframe-480x360-at-40-percent.jpg</subfield>
    <subfield code="x">jpgposterframe</subfield>
    <subfield code="y">posterframe 480x360 at 40 percent</subfield>
  </datafield>
  <datafield tag="856" ind1="7" ind2=" ">
    <subfield code="2">MediaArchive</subfield>
    <subfield code="u">http://mediaarchive.cern.ch/MediaArchive/Video/Public/Conferences/1994/CERN-VIDEO-C-178-A/CERN-VIDEO-C-178-A-posterframe-480x360-at-50-percent.jpg</subfield>
    <subfield code="x">jpgposterframe</subfield>
    <subfield code="y">posterframe 480x360 at 50 percent</subfield>
  </datafield>
  <datafield tag="856" ind1="7" ind2=" ">
    <subfield code="2">MediaArchive</subfield>
    <subfield code="u">http://mediaarchive.cern.ch/MediaArchive/Video/Public/Conferences/1994/CERN-VIDEO-C-178-A/CERN-VIDEO-C-178-A-posterframe-480x360-at-60-percent.jpg</subfield>
    <subfield code="x">jpgposterframe</subfield>
    <subfield code="y">posterframe 480x360 at 60 percent</subfield>
  </datafield>
  <datafield tag="856" ind1="7" ind2=" ">
    <subfield code="2">MediaArchive</subfield>
    <subfield code="u">http://mediaarchive.cern.ch/MediaArchive/Video/Public/Conferences/1994/CERN-VIDEO-C-178-A/CERN-VIDEO-C-178-A-posterframe-480x360-at-70-percent.jpg</subfield>
    <subfield code="x">jpgposterframe</subfield>
    <subfield code="y">posterframe 480x360 at 70 percent</subfield>
  </datafield>
  <datafield tag="856" ind1="7" ind2=" ">
    <subfield code="2">MediaArchive</subfield>
    <subfield code="u">http://mediaarchive.cern.ch/MediaArchive/Video/Public/Conferences/1994/CERN-VIDEO-C-178-A/CERN-VIDEO-C-178-A-posterframe-480x360-at-80-percent.jpg</subfield>
    <subfield code="x">jpgposterframe</subfield>
    <subfield code="y">posterframe 480x360 at 80 percent</subfield>
  </datafield>
  <datafield tag="856" ind1="7" ind2=" ">
    <subfield code="2">MediaArchive</subfield>
    <subfield code="u">http://mediaarchive.cern.ch/MediaArchive/Video/Public/Conferences/1994/CERN-VIDEO-C-178-A/CERN-VIDEO-C-178-A-posterframe-480x360-at-90-percent.jpg</subfield>
    <subfield code="x">jpgposterframe</subfield>
    <subfield code="y">posterframe 480x360 at 90 percent</subfield>
  </datafield>
  <datafield tag="856" ind1="7" ind2=" ">
    <subfield code="2">MediaArchive</subfield>
    <subfield code="u">http://mediaarchive.cern.ch/MediaArchive/Video/Public/Conferences/1994/CERN-VIDEO-C-178-A/CERN-VIDEO-C-178-A-thumbnail-180x135-at-05-percent.jpg</subfield>
    <subfield code="x">jpgthumbnail</subfield>
    <subfield code="y">thumbnail 180x135 at 05 percent</subfield>
  </datafield>
  <datafield tag="856" ind1="7" ind2=" ">
    <subfield code="2">MediaArchive</subfield>
    <subfield code="u">http://mediaarchive.cern.ch/MediaArchive/Video/Public/Conferences/1994/CERN-VIDEO-C-178-A/CERN-VIDEO-C-178-A-thumbnail-80x60-at-10-percent.jpg</subfield>
    <subfield code="x">jpgthumbnail</subfield>
    <subfield code="y">thumbnail 80x60 at 10 percent</subfield>
  </datafield>
  <datafield tag="856" ind1="7" ind2=" ">
    <subfield code="2">MediaArchive</subfield>
    <subfield code="u">http://mediaarchive.cern.ch/MediaArchive/Video/Public/Conferences/1994/CERN-VIDEO-C-178-A/CERN-VIDEO-C-178-A-thumbnail-80x60-at-20-percent.jpg</subfield>
    <subfield code="x">jpgthumbnail</subfield>
    <subfield code="y">thumbnail 80x60 at 20 percent</subfield>
  </datafield>
  <datafield tag="856" ind1="7" ind2=" ">
    <subfield code="2">MediaArchive</subfield>
    <subfield code="u">http://mediaarchive.cern.ch/MediaArchive/Video/Public/Conferences/1994/CERN-VIDEO-C-178-A/CERN-VIDEO-C-178-A-thumbnail-80x60-at-30-percent.jpg</subfield>
    <subfield code="x">jpgthumbnail</subfield>
    <subfield code="y">thumbnail 80x60 at 30 percent</subfield>
  </datafield>
  <datafield tag="856" ind1="7" ind2=" ">
    <subfield code="2">MediaArchive</subfield>
    <subfield code="u">http://mediaarchive.cern.ch/MediaArchive/Video/Public/Conferences/1994/CERN-VIDEO-C-178-A/CERN-VIDEO-C-178-A-thumbnail-80x60-at-40-percent.jpg</subfield>
    <subfield code="x">jpgthumbnail</subfield>
    <subfield code="y">thumbnail 80x60 at 40 percent</subfield>
  </datafield>
  <datafield tag="856" ind1="7" ind2=" ">
    <subfield code="2">MediaArchive</subfield>
    <subfield code="u">http://mediaarchive.cern.ch/MediaArchive/Video/Public/Conferences/1994/CERN-VIDEO-C-178-A/CERN-VIDEO-C-178-A-thumbnail-80x60-at-50-percent.jpg</subfield>
    <subfield code="x">jpgthumbnail</subfield>
    <subfield code="y">thumbnail 80x60 at 50 percent</subfield>
  </datafield>
  <datafield tag="856" ind1="7" ind2=" ">
    <subfield code="2">MediaArchive</subfield>
    <subfield code="u">http://mediaarchive.cern.ch/MediaArchive/Video/Public/Conferences/1994/CERN-VIDEO-C-178-A/CERN-VIDEO-C-178-A-thumbnail-80x60-at-60-percent.jpg</subfield>
    <subfield code="x">jpgthumbnail</subfield>
    <subfield code="y">thumbnail 80x60 at 60 percent</subfield>
  </datafield>
  <datafield tag="856" ind1="7" ind2=" ">
    <subfield code="2">MediaArchive</subfield>
    <subfield code="u">http://mediaarchive.cern.ch/MediaArchive/Video/Public/Conferences/1994/CERN-VIDEO-C-178-A/CERN-VIDEO-C-178-A-thumbnail-80x60-at-70-percent.jpg</subfield>
    <subfield code="x">jpgthumbnail</subfield>
    <subfield code="y">thumbnail 80x60 at 70 percent</subfield>
  </datafield>
  <datafield tag="856" ind1="7" ind2=" ">
    <subfield code="2">MediaArchive</subfield>
    <subfield code="u">http://mediaarchive.cern.ch/MediaArchive/Video/Public/Conferences/1994/CERN-VIDEO-C-178-A/CERN-VIDEO-C-178-A-thumbnail-80x60-at-80-percent.jpg</subfield>
    <subfield code="x">jpgthumbnail</subfield>
    <subfield code="y">thumbnail 80x60 at 80 percent</subfield>
  </datafield>
  <datafield tag="856" ind1="7" ind2=" ">
    <subfield code="2">MediaArchive</subfield>
    <subfield code="u">http://mediaarchive.cern.ch/MediaArchive/Video/Public/Conferences/1994/CERN-VIDEO-C-178-A/CERN-VIDEO-C-178-A-thumbnail-80x60-at-90-percent.jpg</subfield>
    <subfield code="x">jpgthumbnail</subfield>
    <subfield code="y">thumbnail 80x60 at 90 percent</subfield>
  </datafield>
  <datafield tag="856" ind1="7" ind2=" ">
    <subfield code="2">MediaArchive</subfield>
    <subfield code="d">\\\\cern.ch\\dfs\\Services\\MediaArchive\\Video\\Masters\\Conferences\\1994\\CERN-VIDEO-C-178-B.avi</subfield>
    <subfield code="x">Absolute master path</subfield>
  </datafield>
  <datafield tag="856" ind1="7" ind2=" ">
    <subfield code="2">MediaArchive</subfield>
    <subfield code="u">http://mediaarchive.cern.ch/MediaArchive/Video/Public/Conferences/1994/CERN-VIDEO-C-178-B/CERN-VIDEO-C-178-B-0480-kbps-384x288-25-fps-audio-128-kbps-48-kHz-stereo.wmv</subfield>
    <subfield code="x">wmv0480</subfield>
    <subfield code="y">0480 kbps 384x288 25 fps audio 128 kbps 48 kHz stereo</subfield>
  </datafield>
  <datafield tag="856" ind1="7" ind2=" ">
    <subfield code="2">MediaArchive</subfield>
    <subfield code="u">http://mediaarchive.cern.ch/MediaArchive/Video/Public/Conferences/1994/CERN-VIDEO-C-178-B/CERN-VIDEO-C-178-B-0600-kbps-maxH-360-25-fps-audio-128-kbps-48-kHz-stereo.mp4</subfield>
    <subfield code="x">mp40600</subfield>
    <subfield code="y">0600 kbps maxH 360 25 fps audio 128 kbps 48 kHz stereo</subfield>
  </datafield>
  <datafield tag="856" ind1="7" ind2=" ">
    <subfield code="2">MediaArchive</subfield>
    <subfield code="u">http://mediaarchive.cern.ch/MediaArchive/Video/Public/Conferences/1994/CERN-VIDEO-C-178-B/CERN-VIDEO-C-178-B-0753-kbps-480x360-25-fps-audio-64-kbps-44-kHz-stereo.flv</subfield>
    <subfield code="x">flv0753</subfield>
    <subfield code="y">0753 kbps 480x360 25 fps audio 64 kbps 44 kHz stereo</subfield>
  </datafield>
  <datafield tag="856" ind1="7" ind2=" ">
    <subfield code="2">MediaArchive</subfield>
    <subfield code="u">http://mediaarchive.cern.ch/MediaArchive/Video/Public/Conferences/1994/CERN-VIDEO-C-178-B/CERN-VIDEO-C-178-B-0753-kbps-480x360-25-fps-audio-64-kbps-48-kHz-stereo.wmv</subfield>
    <subfield code="x">wmv0753</subfield>
    <subfield code="y">0753 kbps 480x360 25 fps audio 64 kbps 48 kHz stereo</subfield>
  </datafield>
  <datafield tag="856" ind1="7" ind2=" ">
    <subfield code="2">MediaArchive</subfield>
    <subfield code="u">http://mediaarchive.cern.ch/MediaArchive/Video/Public/Conferences/1994/CERN-VIDEO-C-178-B/CERN-VIDEO-C-178-B-Multirate-200-to-753-kbps-480x360.wmv</subfield>
    <subfield code="x">wmvMultirate</subfield>
    <subfield code="y">Multirate 200 to 753 kbps 480x360</subfield>
  </datafield>
  <datafield tag="856" ind1="7" ind2=" ">
    <subfield code="2">MediaArchive</subfield>
    <subfield code="u">http://mediaarchive.cern.ch/MediaArchive/Video/Public/Conferences/1994/CERN-VIDEO-C-178-B/CERN-VIDEO-C-178-B-posterframe-480x360-at-0-percent.jpg</subfield>
    <subfield code="x">jpgposterframe</subfield>
    <subfield code="y">posterframe 480x360 at 0 percent</subfield>
  </datafield>
  <datafield tag="856" ind1="7" ind2=" ">
    <subfield code="2">MediaArchive</subfield>
    <subfield code="u">http://mediaarchive.cern.ch/MediaArchive/Video/Public/Conferences/1994/CERN-VIDEO-C-178-B/CERN-VIDEO-C-178-B-posterframe-480x360-at-10-percent.jpg</subfield>
    <subfield code="x">jpgposterframe</subfield>
    <subfield code="y">posterframe 480x360 at 10 percent</subfield>
  </datafield>
  <datafield tag="856" ind1="7" ind2=" ">
    <subfield code="2">MediaArchive</subfield>
    <subfield code="u">http://mediaarchive.cern.ch/MediaArchive/Video/Public/Conferences/1994/CERN-VIDEO-C-178-B/CERN-VIDEO-C-178-B-posterframe-480x360-at-20-percent.jpg</subfield>
    <subfield code="x">jpgposterframe</subfield>
    <subfield code="y">posterframe 480x360 at 20 percent</subfield>
  </datafield>
  <datafield tag="856" ind1="7" ind2=" ">
    <subfield code="2">MediaArchive</subfield>
    <subfield code="u">http://mediaarchive.cern.ch/MediaArchive/Video/Public/Conferences/1994/CERN-VIDEO-C-178-B/CERN-VIDEO-C-178-B-posterframe-480x360-at-30-percent.jpg</subfield>
    <subfield code="x">jpgposterframe</subfield>
    <subfield code="y">posterframe 480x360 at 30 percent</subfield>
  </datafield>
  <datafield tag="856" ind1="7" ind2=" ">
    <subfield code="2">MediaArchive</subfield>
    <subfield code="u">http://mediaarchive.cern.ch/MediaArchive/Video/Public/Conferences/1994/CERN-VIDEO-C-178-B/CERN-VIDEO-C-178-B-posterframe-480x360-at-40-percent.jpg</subfield>
    <subfield code="x">jpgposterframe</subfield>
    <subfield code="y">posterframe 480x360 at 40 percent</subfield>
  </datafield>
  <datafield tag="856" ind1="7" ind2=" ">
    <subfield code="2">MediaArchive</subfield>
    <subfield code="u">http://mediaarchive.cern.ch/MediaArchive/Video/Public/Conferences/1994/CERN-VIDEO-C-178-B/CERN-VIDEO-C-178-B-posterframe-480x360-at-50-percent.jpg</subfield>
    <subfield code="x">jpgposterframe</subfield>
    <subfield code="y">posterframe 480x360 at 50 percent</subfield>
  </datafield>
  <datafield tag="856" ind1="7" ind2=" ">
    <subfield code="2">MediaArchive</subfield>
    <subfield code="u">http://mediaarchive.cern.ch/MediaArchive/Video/Public/Conferences/1994/CERN-VIDEO-C-178-B/CERN-VIDEO-C-178-B-posterframe-480x360-at-60-percent.jpg</subfield>
    <subfield code="x">jpgposterframe</subfield>
    <subfield code="y">posterframe 480x360 at 60 percent</subfield>
  </datafield>
  <datafield tag="856" ind1="7" ind2=" ">
    <subfield code="2">MediaArchive</subfield>
    <subfield code="u">http://mediaarchive.cern.ch/MediaArchive/Video/Public/Conferences/1994/CERN-VIDEO-C-178-B/CERN-VIDEO-C-178-B-posterframe-480x360-at-70-percent.jpg</subfield>
    <subfield code="x">jpgposterframe</subfield>
    <subfield code="y">posterframe 480x360 at 70 percent</subfield>
  </datafield>
  <datafield tag="856" ind1="7" ind2=" ">
    <subfield code="2">MediaArchive</subfield>
    <subfield code="u">http://mediaarchive.cern.ch/MediaArchive/Video/Public/Conferences/1994/CERN-VIDEO-C-178-B/CERN-VIDEO-C-178-B-posterframe-480x360-at-80-percent.jpg</subfield>
    <subfield code="x">jpgposterframe</subfield>
    <subfield code="y">posterframe 480x360 at 80 percent</subfield>
  </datafield>
  <datafield tag="856" ind1="7" ind2=" ">
    <subfield code="2">MediaArchive</subfield>
    <subfield code="u">http://mediaarchive.cern.ch/MediaArchive/Video/Public/Conferences/1994/CERN-VIDEO-C-178-B/CERN-VIDEO-C-178-B-posterframe-480x360-at-90-percent.jpg</subfield>
    <subfield code="x">jpgposterframe</subfield>
    <subfield code="y">posterframe 480x360 at 90 percent</subfield>
  </datafield>
  <datafield tag="856" ind1="7" ind2=" ">
    <subfield code="2">MediaArchive</subfield>
    <subfield code="u">http://mediaarchive.cern.ch/MediaArchive/Video/Public/Conferences/1994/CERN-VIDEO-C-178-B/CERN-VIDEO-C-178-B-thumbnail-180x135-at-05-percent.jpg</subfield>
    <subfield code="x">jpgthumbnail</subfield>
    <subfield code="y">thumbnail 180x135 at 05 percent</subfield>
  </datafield>
  <datafield tag="856" ind1="7" ind2=" ">
    <subfield code="2">MediaArchive</subfield>
    <subfield code="u">http://mediaarchive.cern.ch/MediaArchive/Video/Public/Conferences/1994/CERN-VIDEO-C-178-B/CERN-VIDEO-C-178-B-thumbnail-80x60-at-10-percent.jpg</subfield>
    <subfield code="x">jpgthumbnail</subfield>
    <subfield code="y">thumbnail 80x60 at 10 percent</subfield>
  </datafield>
  <datafield tag="856" ind1="7" ind2=" ">
    <subfield code="2">MediaArchive</subfield>
    <subfield code="u">http://mediaarchive.cern.ch/MediaArchive/Video/Public/Conferences/1994/CERN-VIDEO-C-178-B/CERN-VIDEO-C-178-B-thumbnail-80x60-at-20-percent.jpg</subfield>
    <subfield code="x">jpgthumbnail</subfield>
    <subfield code="y">thumbnail 80x60 at 20 percent</subfield>
  </datafield>
  <datafield tag="856" ind1="7" ind2=" ">
    <subfield code="2">MediaArchive</subfield>
    <subfield code="u">http://mediaarchive.cern.ch/MediaArchive/Video/Public/Conferences/1994/CERN-VIDEO-C-178-B/CERN-VIDEO-C-178-B-thumbnail-80x60-at-30-percent.jpg</subfield>
    <subfield code="x">jpgthumbnail</subfield>
    <subfield code="y">thumbnail 80x60 at 30 percent</subfield>
  </datafield>
  <datafield tag="856" ind1="7" ind2=" ">
    <subfield code="2">MediaArchive</subfield>
    <subfield code="u">http://mediaarchive.cern.ch/MediaArchive/Video/Public/Conferences/1994/CERN-VIDEO-C-178-B/CERN-VIDEO-C-178-B-thumbnail-80x60-at-40-percent.jpg</subfield>
    <subfield code="x">jpgthumbnail</subfield>
    <subfield code="y">thumbnail 80x60 at 40 percent</subfield>
  </datafield>
  <datafield tag="856" ind1="7" ind2=" ">
    <subfield code="2">MediaArchive</subfield>
    <subfield code="u">http://mediaarchive.cern.ch/MediaArchive/Video/Public/Conferences/1994/CERN-VIDEO-C-178-B/CERN-VIDEO-C-178-B-thumbnail-80x60-at-50-percent.jpg</subfield>
    <subfield code="x">jpgthumbnail</subfield>
    <subfield code="y">thumbnail 80x60 at 50 percent</subfield>
  </datafield>
  <datafield tag="856" ind1="7" ind2=" ">
    <subfield code="2">MediaArchive</subfield>
    <subfield code="u">http://mediaarchive.cern.ch/MediaArchive/Video/Public/Conferences/1994/CERN-VIDEO-C-178-B/CERN-VIDEO-C-178-B-thumbnail-80x60-at-60-percent.jpg</subfield>
    <subfield code="x">jpgthumbnail</subfield>
    <subfield code="y">thumbnail 80x60 at 60 percent</subfield>
  </datafield>
  <datafield tag="856" ind1="7" ind2=" ">
    <subfield code="2">MediaArchive</subfield>
    <subfield code="u">http://mediaarchive.cern.ch/MediaArchive/Video/Public/Conferences/1994/CERN-VIDEO-C-178-B/CERN-VIDEO-C-178-B-thumbnail-80x60-at-70-percent.jpg</subfield>
    <subfield code="x">jpgthumbnail</subfield>
    <subfield code="y">thumbnail 80x60 at 70 percent</subfield>
  </datafield>
  <datafield tag="856" ind1="7" ind2=" ">
    <subfield code="2">MediaArchive</subfield>
    <subfield code="u">http://mediaarchive.cern.ch/MediaArchive/Video/Public/Conferences/1994/CERN-VIDEO-C-178-B/CERN-VIDEO-C-178-B-thumbnail-80x60-at-80-percent.jpg</subfield>
    <subfield code="x">jpgthumbnail</subfield>
    <subfield code="y">thumbnail 80x60 at 80 percent</subfield>
  </datafield>
  <datafield tag="856" ind1="7" ind2=" ">
    <subfield code="2">MediaArchive</subfield>
    <subfield code="u">http://mediaarchive.cern.ch/MediaArchive/Video/Public/Conferences/1994/CERN-VIDEO-C-178-B/CERN-VIDEO-C-178-B-thumbnail-80x60-at-90-percent.jpg</subfield>
    <subfield code="x">jpgthumbnail</subfield>
    <subfield code="y">thumbnail 80x60 at 90 percent</subfield>
  </datafield>
  <datafield tag="856" ind1="7" ind2=" ">
    <subfield code="2">MediaArchive</subfield>
    <subfield code="d">\\\\cern.ch\\dfs\\Services\\MediaArchive\\Video\\Masters\\Conferences\\1994\\CERN-VIDEO-C-178-C.avi</subfield>
    <subfield code="x">Absolute master path</subfield>
  </datafield>
  <datafield tag="856" ind1="7" ind2=" ">
    <subfield code="2">MediaArchive</subfield>
    <subfield code="u">http://mediaarchive.cern.ch/MediaArchive/Video/Public/Conferences/1994/CERN-VIDEO-C-178-C/CERN-VIDEO-C-178-C-0480-kbps-384x288-25-fps-audio-128-kbps-48-kHz-stereo.wmv</subfield>
    <subfield code="x">wmv0480</subfield>
    <subfield code="y">0480 kbps 384x288 25 fps audio 128 kbps 48 kHz stereo</subfield>
  </datafield>
  <datafield tag="856" ind1="7" ind2=" ">
    <subfield code="2">MediaArchive</subfield>
    <subfield code="u">http://mediaarchive.cern.ch/MediaArchive/Video/Public/Conferences/1994/CERN-VIDEO-C-178-C/CERN-VIDEO-C-178-C-0600-kbps-maxH-360-25-fps-audio-128-kbps-48-kHz-stereo.mp4</subfield>
    <subfield code="x">mp40600</subfield>
    <subfield code="y">0600 kbps maxH 360 25 fps audio 128 kbps 48 kHz stereo</subfield>
  </datafield>
  <datafield tag="856" ind1="7" ind2=" ">
    <subfield code="2">MediaArchive</subfield>
    <subfield code="u">http://mediaarchive.cern.ch/MediaArchive/Video/Public/Conferences/1994/CERN-VIDEO-C-178-C/CERN-VIDEO-C-178-C-0753-kbps-480x360-25-fps-audio-64-kbps-44-kHz-stereo.flv</subfield>
    <subfield code="x">flv0753</subfield>
    <subfield code="y">0753 kbps 480x360 25 fps audio 64 kbps 44 kHz stereo</subfield>
  </datafield>
  <datafield tag="856" ind1="7" ind2=" ">
    <subfield code="2">MediaArchive</subfield>
    <subfield code="u">http://mediaarchive.cern.ch/MediaArchive/Video/Public/Conferences/1994/CERN-VIDEO-C-178-C/CERN-VIDEO-C-178-C-0753-kbps-480x360-25-fps-audio-64-kbps-48-kHz-stereo.wmv</subfield>
    <subfield code="x">wmv0753</subfield>
    <subfield code="y">0753 kbps 480x360 25 fps audio 64 kbps 48 kHz stereo</subfield>
  </datafield>
  <datafield tag="856" ind1="7" ind2=" ">
    <subfield code="2">MediaArchive</subfield>
    <subfield code="u">http://mediaarchive.cern.ch/MediaArchive/Video/Public/Conferences/1994/CERN-VIDEO-C-178-C/CERN-VIDEO-C-178-C-Multirate-200-to-753-kbps-480x360.wmv</subfield>
    <subfield code="x">wmvMultirate</subfield>
    <subfield code="y">Multirate 200 to 753 kbps 480x360</subfield>
  </datafield>
  <datafield tag="856" ind1="7" ind2=" ">
    <subfield code="2">MediaArchive</subfield>
    <subfield code="u">http://mediaarchive.cern.ch/MediaArchive/Video/Public/Conferences/1994/CERN-VIDEO-C-178-C/CERN-VIDEO-C-178-C-posterframe-480x360-at-0-percent.jpg</subfield>
    <subfield code="x">jpgposterframe</subfield>
    <subfield code="y">posterframe 480x360 at 0 percent</subfield>
  </datafield>
  <datafield tag="856" ind1="7" ind2=" ">
    <subfield code="2">MediaArchive</subfield>
    <subfield code="u">http://mediaarchive.cern.ch/MediaArchive/Video/Public/Conferences/1994/CERN-VIDEO-C-178-C/CERN-VIDEO-C-178-C-posterframe-480x360-at-10-percent.jpg</subfield>
    <subfield code="x">jpgposterframe</subfield>
    <subfield code="y">posterframe 480x360 at 10 percent</subfield>
  </datafield>
  <datafield tag="856" ind1="7" ind2=" ">
    <subfield code="2">MediaArchive</subfield>
    <subfield code="u">http://mediaarchive.cern.ch/MediaArchive/Video/Public/Conferences/1994/CERN-VIDEO-C-178-C/CERN-VIDEO-C-178-C-posterframe-480x360-at-20-percent.jpg</subfield>
    <subfield code="x">jpgposterframe</subfield>
    <subfield code="y">posterframe 480x360 at 20 percent</subfield>
  </datafield>
  <datafield tag="856" ind1="7" ind2=" ">
    <subfield code="2">MediaArchive</subfield>
    <subfield code="u">http://mediaarchive.cern.ch/MediaArchive/Video/Public/Conferences/1994/CERN-VIDEO-C-178-C/CERN-VIDEO-C-178-C-posterframe-480x360-at-30-percent.jpg</subfield>
    <subfield code="x">jpgposterframe</subfield>
    <subfield code="y">posterframe 480x360 at 30 percent</subfield>
  </datafield>
  <datafield tag="856" ind1="7" ind2=" ">
    <subfield code="2">MediaArchive</subfield>
    <subfield code="u">http://mediaarchive.cern.ch/MediaArchive/Video/Public/Conferences/1994/CERN-VIDEO-C-178-C/CERN-VIDEO-C-178-C-posterframe-480x360-at-40-percent.jpg</subfield>
    <subfield code="x">jpgposterframe</subfield>
    <subfield code="y">posterframe 480x360 at 40 percent</subfield>
  </datafield>
  <datafield tag="856" ind1="7" ind2=" ">
    <subfield code="2">MediaArchive</subfield>
    <subfield code="u">http://mediaarchive.cern.ch/MediaArchive/Video/Public/Conferences/1994/CERN-VIDEO-C-178-C/CERN-VIDEO-C-178-C-posterframe-480x360-at-50-percent.jpg</subfield>
    <subfield code="x">jpgposterframe</subfield>
    <subfield code="y">posterframe 480x360 at 50 percent</subfield>
  </datafield>
  <datafield tag="856" ind1="7" ind2=" ">
    <subfield code="2">MediaArchive</subfield>
    <subfield code="u">http://mediaarchive.cern.ch/MediaArchive/Video/Public/Conferences/1994/CERN-VIDEO-C-178-C/CERN-VIDEO-C-178-C-posterframe-480x360-at-60-percent.jpg</subfield>
    <subfield code="x">jpgposterframe</subfield>
    <subfield code="y">posterframe 480x360 at 60 percent</subfield>
  </datafield>
  <datafield tag="856" ind1="7" ind2=" ">
    <subfield code="2">MediaArchive</subfield>
    <subfield code="u">http://mediaarchive.cern.ch/MediaArchive/Video/Public/Conferences/1994/CERN-VIDEO-C-178-C/CERN-VIDEO-C-178-C-posterframe-480x360-at-70-percent.jpg</subfield>
    <subfield code="x">jpgposterframe</subfield>
    <subfield code="y">posterframe 480x360 at 70 percent</subfield>
  </datafield>
  <datafield tag="856" ind1="7" ind2=" ">
    <subfield code="2">MediaArchive</subfield>
    <subfield code="u">http://mediaarchive.cern.ch/MediaArchive/Video/Public/Conferences/1994/CERN-VIDEO-C-178-C/CERN-VIDEO-C-178-C-posterframe-480x360-at-80-percent.jpg</subfield>
    <subfield code="x">jpgposterframe</subfield>
    <subfield code="y">posterframe 480x360 at 80 percent</subfield>
  </datafield>
  <datafield tag="856" ind1="7" ind2=" ">
    <subfield code="2">MediaArchive</subfield>
    <subfield code="u">http://mediaarchive.cern.ch/MediaArchive/Video/Public/Conferences/1994/CERN-VIDEO-C-178-C/CERN-VIDEO-C-178-C-posterframe-480x360-at-90-percent.jpg</subfield>
    <subfield code="x">jpgposterframe</subfield>
    <subfield code="y">posterframe 480x360 at 90 percent</subfield>
  </datafield>
  <datafield tag="856" ind1="7" ind2=" ">
    <subfield code="2">MediaArchive</subfield>
    <subfield code="u">http://mediaarchive.cern.ch/MediaArchive/Video/Public/Conferences/1994/CERN-VIDEO-C-178-C/CERN-VIDEO-C-178-C-thumbnail-180x135-at-05-percent.jpg</subfield>
    <subfield code="x">jpgthumbnail</subfield>
    <subfield code="y">thumbnail 180x135 at 05 percent</subfield>
  </datafield>
  <datafield tag="856" ind1="7" ind2=" ">
    <subfield code="2">MediaArchive</subfield>
    <subfield code="u">http://mediaarchive.cern.ch/MediaArchive/Video/Public/Conferences/1994/CERN-VIDEO-C-178-C/CERN-VIDEO-C-178-C-thumbnail-80x60-at-10-percent.jpg</subfield>
    <subfield code="x">jpgthumbnail</subfield>
    <subfield code="y">thumbnail 80x60 at 10 percent</subfield>
  </datafield>
  <datafield tag="856" ind1="7" ind2=" ">
    <subfield code="2">MediaArchive</subfield>
    <subfield code="u">http://mediaarchive.cern.ch/MediaArchive/Video/Public/Conferences/1994/CERN-VIDEO-C-178-C/CERN-VIDEO-C-178-C-thumbnail-80x60-at-20-percent.jpg</subfield>
    <subfield code="x">jpgthumbnail</subfield>
    <subfield code="y">thumbnail 80x60 at 20 percent</subfield>
  </datafield>
  <datafield tag="856" ind1="7" ind2=" ">
    <subfield code="2">MediaArchive</subfield>
    <subfield code="u">http://mediaarchive.cern.ch/MediaArchive/Video/Public/Conferences/1994/CERN-VIDEO-C-178-C/CERN-VIDEO-C-178-C-thumbnail-80x60-at-30-percent.jpg</subfield>
    <subfield code="x">jpgthumbnail</subfield>
    <subfield code="y">thumbnail 80x60 at 30 percent</subfield>
  </datafield>
  <datafield tag="856" ind1="7" ind2=" ">
    <subfield code="2">MediaArchive</subfield>
    <subfield code="u">http://mediaarchive.cern.ch/MediaArchive/Video/Public/Conferences/1994/CERN-VIDEO-C-178-C/CERN-VIDEO-C-178-C-thumbnail-80x60-at-40-percent.jpg</subfield>
    <subfield code="x">jpgthumbnail</subfield>
    <subfield code="y">thumbnail 80x60 at 40 percent</subfield>
  </datafield>
  <datafield tag="856" ind1="7" ind2=" ">
    <subfield code="2">MediaArchive</subfield>
    <subfield code="u">http://mediaarchive.cern.ch/MediaArchive/Video/Public/Conferences/1994/CERN-VIDEO-C-178-C/CERN-VIDEO-C-178-C-thumbnail-80x60-at-50-percent.jpg</subfield>
    <subfield code="x">jpgthumbnail</subfield>
    <subfield code="y">thumbnail 80x60 at 50 percent</subfield>
  </datafield>
  <datafield tag="856" ind1="7" ind2=" ">
    <subfield code="2">MediaArchive</subfield>
    <subfield code="u">http://mediaarchive.cern.ch/MediaArchive/Video/Public/Conferences/1994/CERN-VIDEO-C-178-C/CERN-VIDEO-C-178-C-thumbnail-80x60-at-60-percent.jpg</subfield>
    <subfield code="x">jpgthumbnail</subfield>
    <subfield code="y">thumbnail 80x60 at 60 percent</subfield>
  </datafield>
  <datafield tag="856" ind1="7" ind2=" ">
    <subfield code="2">MediaArchive</subfield>
    <subfield code="u">http://mediaarchive.cern.ch/MediaArchive/Video/Public/Conferences/1994/CERN-VIDEO-C-178-C/CERN-VIDEO-C-178-C-thumbnail-80x60-at-70-percent.jpg</subfield>
    <subfield code="x">jpgthumbnail</subfield>
    <subfield code="y">thumbnail 80x60 at 70 percent</subfield>
  </datafield>
  <datafield tag="856" ind1="7" ind2=" ">
    <subfield code="2">MediaArchive</subfield>
    <subfield code="u">http://mediaarchive.cern.ch/MediaArchive/Video/Public/Conferences/1994/CERN-VIDEO-C-178-C/CERN-VIDEO-C-178-C-thumbnail-80x60-at-80-percent.jpg</subfield>
    <subfield code="x">jpgthumbnail</subfield>
    <subfield code="y">thumbnail 80x60 at 80 percent</subfield>
  </datafield>
  <datafield tag="856" ind1="7" ind2=" ">
    <subfield code="2">MediaArchive</subfield>
    <subfield code="u">http://mediaarchive.cern.ch/MediaArchive/Video/Public/Conferences/1994/CERN-VIDEO-C-178-C/CERN-VIDEO-C-178-C-thumbnail-80x60-at-90-percent.jpg</subfield>
    <subfield code="x">jpgthumbnail</subfield>
    <subfield code="y">thumbnail 80x60 at 90 percent</subfield>
  </datafield>
  <datafield tag="856" ind1="7" ind2=" ">
    <subfield code="2">MediaArchive</subfield>
    <subfield code="d">\\\\cern.ch\\dfs\\Services\\MediaArchive\\Video\\Masters\\Conferences\\1994\\CERN-VIDEO-C-178-D.avi</subfield>
    <subfield code="x">Absolute master path</subfield>
  </datafield>
  <datafield tag="856" ind1="7" ind2=" ">
    <subfield code="2">MediaArchive</subfield>
    <subfield code="u">http://mediaarchive.cern.ch/MediaArchive/Video/Public/Conferences/1994/CERN-VIDEO-C-178-D/CERN-VIDEO-C-178-D-0480-kbps-384x288-25-fps-audio-128-kbps-48-kHz-stereo.wmv</subfield>
    <subfield code="x">wmv0480</subfield>
    <subfield code="y">0480 kbps 384x288 25 fps audio 128 kbps 48 kHz stereo</subfield>
  </datafield>
  <datafield tag="856" ind1="7" ind2=" ">
    <subfield code="2">MediaArchive</subfield>
    <subfield code="u">http://mediaarchive.cern.ch/MediaArchive/Video/Public/Conferences/1994/CERN-VIDEO-C-178-D/CERN-VIDEO-C-178-D-0600-kbps-maxH-360-25-fps-audio-128-kbps-48-kHz-stereo.mp4</subfield>
    <subfield code="x">mp40600</subfield>
    <subfield code="y">0600 kbps maxH 360 25 fps audio 128 kbps 48 kHz stereo</subfield>
  </datafield>
  <datafield tag="856" ind1="7" ind2=" ">
    <subfield code="2">MediaArchive</subfield>
    <subfield code="u">http://mediaarchive.cern.ch/MediaArchive/Video/Public/Conferences/1994/CERN-VIDEO-C-178-D/CERN-VIDEO-C-178-D-0753-kbps-480x360-25-fps-audio-64-kbps-44-kHz-stereo.flv</subfield>
    <subfield code="x">flv0753</subfield>
    <subfield code="y">0753 kbps 480x360 25 fps audio 64 kbps 44 kHz stereo</subfield>
  </datafield>
  <datafield tag="856" ind1="7" ind2=" ">
    <subfield code="2">MediaArchive</subfield>
    <subfield code="u">http://mediaarchive.cern.ch/MediaArchive/Video/Public/Conferences/1994/CERN-VIDEO-C-178-D/CERN-VIDEO-C-178-D-0753-kbps-480x360-25-fps-audio-64-kbps-48-kHz-stereo.wmv</subfield>
    <subfield code="x">wmv0753</subfield>
    <subfield code="y">0753 kbps 480x360 25 fps audio 64 kbps 48 kHz stereo</subfield>
  </datafield>
  <datafield tag="856" ind1="7" ind2=" ">
    <subfield code="2">MediaArchive</subfield>
    <subfield code="u">http://mediaarchive.cern.ch/MediaArchive/Video/Public/Conferences/1994/CERN-VIDEO-C-178-D/CERN-VIDEO-C-178-D-Multirate-200-to-753-kbps-480x360.wmv</subfield>
    <subfield code="x">wmvMultirate</subfield>
    <subfield code="y">Multirate 200 to 753 kbps 480x360</subfield>
  </datafield>
  <datafield tag="856" ind1="7" ind2=" ">
    <subfield code="2">MediaArchive</subfield>
    <subfield code="u">http://mediaarchive.cern.ch/MediaArchive/Video/Public/Conferences/1994/CERN-VIDEO-C-178-D/CERN-VIDEO-C-178-D-posterframe-480x360-at-0-percent.jpg</subfield>
    <subfield code="x">jpgposterframe</subfield>
    <subfield code="y">posterframe 480x360 at 0 percent</subfield>
  </datafield>
  <datafield tag="856" ind1="7" ind2=" ">
    <subfield code="2">MediaArchive</subfield>
    <subfield code="u">http://mediaarchive.cern.ch/MediaArchive/Video/Public/Conferences/1994/CERN-VIDEO-C-178-D/CERN-VIDEO-C-178-D-posterframe-480x360-at-10-percent.jpg</subfield>
    <subfield code="x">jpgposterframe</subfield>
    <subfield code="y">posterframe 480x360 at 10 percent</subfield>
  </datafield>
  <datafield tag="856" ind1="7" ind2=" ">
    <subfield code="2">MediaArchive</subfield>
    <subfield code="u">http://mediaarchive.cern.ch/MediaArchive/Video/Public/Conferences/1994/CERN-VIDEO-C-178-D/CERN-VIDEO-C-178-D-posterframe-480x360-at-20-percent.jpg</subfield>
    <subfield code="x">jpgposterframe</subfield>
    <subfield code="y">posterframe 480x360 at 20 percent</subfield>
  </datafield>
  <datafield tag="856" ind1="7" ind2=" ">
    <subfield code="2">MediaArchive</subfield>
    <subfield code="u">http://mediaarchive.cern.ch/MediaArchive/Video/Public/Conferences/1994/CERN-VIDEO-C-178-D/CERN-VIDEO-C-178-D-posterframe-480x360-at-30-percent.jpg</subfield>
    <subfield code="x">jpgposterframe</subfield>
    <subfield code="y">posterframe 480x360 at 30 percent</subfield>
  </datafield>
  <datafield tag="856" ind1="7" ind2=" ">
    <subfield code="2">MediaArchive</subfield>
    <subfield code="u">http://mediaarchive.cern.ch/MediaArchive/Video/Public/Conferences/1994/CERN-VIDEO-C-178-D/CERN-VIDEO-C-178-D-posterframe-480x360-at-40-percent.jpg</subfield>
    <subfield code="x">jpgposterframe</subfield>
    <subfield code="y">posterframe 480x360 at 40 percent</subfield>
  </datafield>
  <datafield tag="856" ind1="7" ind2=" ">
    <subfield code="2">MediaArchive</subfield>
    <subfield code="u">http://mediaarchive.cern.ch/MediaArchive/Video/Public/Conferences/1994/CERN-VIDEO-C-178-D/CERN-VIDEO-C-178-D-posterframe-480x360-at-50-percent.jpg</subfield>
    <subfield code="x">jpgposterframe</subfield>
    <subfield code="y">posterframe 480x360 at 50 percent</subfield>
  </datafield>
  <datafield tag="856" ind1="7" ind2=" ">
    <subfield code="2">MediaArchive</subfield>
    <subfield code="u">http://mediaarchive.cern.ch/MediaArchive/Video/Public/Conferences/1994/CERN-VIDEO-C-178-D/CERN-VIDEO-C-178-D-posterframe-480x360-at-60-percent.jpg</subfield>
    <subfield code="x">jpgposterframe</subfield>
    <subfield code="y">posterframe 480x360 at 60 percent</subfield>
  </datafield>
  <datafield tag="856" ind1="7" ind2=" ">
    <subfield code="2">MediaArchive</subfield>
    <subfield code="u">http://mediaarchive.cern.ch/MediaArchive/Video/Public/Conferences/1994/CERN-VIDEO-C-178-D/CERN-VIDEO-C-178-D-posterframe-480x360-at-70-percent.jpg</subfield>
    <subfield code="x">jpgposterframe</subfield>
    <subfield code="y">posterframe 480x360 at 70 percent</subfield>
  </datafield>
  <datafield tag="856" ind1="7" ind2=" ">
    <subfield code="2">MediaArchive</subfield>
    <subfield code="u">http://mediaarchive.cern.ch/MediaArchive/Video/Public/Conferences/1994/CERN-VIDEO-C-178-D/CERN-VIDEO-C-178-D-posterframe-480x360-at-80-percent.jpg</subfield>
    <subfield code="x">jpgposterframe</subfield>
    <subfield code="y">posterframe 480x360 at 80 percent</subfield>
  </datafield>
  <datafield tag="856" ind1="7" ind2=" ">
    <subfield code="2">MediaArchive</subfield>
    <subfield code="u">http://mediaarchive.cern.ch/MediaArchive/Video/Public/Conferences/1994/CERN-VIDEO-C-178-D/CERN-VIDEO-C-178-D-posterframe-480x360-at-90-percent.jpg</subfield>
    <subfield code="x">jpgposterframe</subfield>
    <subfield code="y">posterframe 480x360 at 90 percent</subfield>
  </datafield>
  <datafield tag="856" ind1="7" ind2=" ">
    <subfield code="2">MediaArchive</subfield>
    <subfield code="u">http://mediaarchive.cern.ch/MediaArchive/Video/Public/Conferences/1994/CERN-VIDEO-C-178-D/CERN-VIDEO-C-178-D-thumbnail-180x135-at-05-percent.jpg</subfield>
    <subfield code="x">jpgthumbnail</subfield>
    <subfield code="y">thumbnail 180x135 at 05 percent</subfield>
  </datafield>
  <datafield tag="856" ind1="7" ind2=" ">
    <subfield code="2">MediaArchive</subfield>
    <subfield code="u">http://mediaarchive.cern.ch/MediaArchive/Video/Public/Conferences/1994/CERN-VIDEO-C-178-D/CERN-VIDEO-C-178-D-thumbnail-80x60-at-10-percent.jpg</subfield>
    <subfield code="x">jpgthumbnail</subfield>
    <subfield code="y">thumbnail 80x60 at 10 percent</subfield>
  </datafield>
  <datafield tag="856" ind1="7" ind2=" ">
    <subfield code="2">MediaArchive</subfield>
    <subfield code="u">http://mediaarchive.cern.ch/MediaArchive/Video/Public/Conferences/1994/CERN-VIDEO-C-178-D/CERN-VIDEO-C-178-D-thumbnail-80x60-at-20-percent.jpg</subfield>
    <subfield code="x">jpgthumbnail</subfield>
    <subfield code="y">thumbnail 80x60 at 20 percent</subfield>
  </datafield>
  <datafield tag="856" ind1="7" ind2=" ">
    <subfield code="2">MediaArchive</subfield>
    <subfield code="u">http://mediaarchive.cern.ch/MediaArchive/Video/Public/Conferences/1994/CERN-VIDEO-C-178-D/CERN-VIDEO-C-178-D-thumbnail-80x60-at-30-percent.jpg</subfield>
    <subfield code="x">jpgthumbnail</subfield>
    <subfield code="y">thumbnail 80x60 at 30 percent</subfield>
  </datafield>
  <datafield tag="856" ind1="7" ind2=" ">
    <subfield code="2">MediaArchive</subfield>
    <subfield code="u">http://mediaarchive.cern.ch/MediaArchive/Video/Public/Conferences/1994/CERN-VIDEO-C-178-D/CERN-VIDEO-C-178-D-thumbnail-80x60-at-40-percent.jpg</subfield>
    <subfield code="x">jpgthumbnail</subfield>
    <subfield code="y">thumbnail 80x60 at 40 percent</subfield>
  </datafield>
  <datafield tag="856" ind1="7" ind2=" ">
    <subfield code="2">MediaArchive</subfield>
    <subfield code="u">http://mediaarchive.cern.ch/MediaArchive/Video/Public/Conferences/1994/CERN-VIDEO-C-178-D/CERN-VIDEO-C-178-D-thumbnail-80x60-at-50-percent.jpg</subfield>
    <subfield code="x">jpgthumbnail</subfield>
    <subfield code="y">thumbnail 80x60 at 50 percent</subfield>
  </datafield>
  <datafield tag="856" ind1="7" ind2=" ">
    <subfield code="2">MediaArchive</subfield>
    <subfield code="u">http://mediaarchive.cern.ch/MediaArchive/Video/Public/Conferences/1994/CERN-VIDEO-C-178-D/CERN-VIDEO-C-178-D-thumbnail-80x60-at-60-percent.jpg</subfield>
    <subfield code="x">jpgthumbnail</subfield>
    <subfield code="y">thumbnail 80x60 at 60 percent</subfield>
  </datafield>
  <datafield tag="856" ind1="7" ind2=" ">
    <subfield code="2">MediaArchive</subfield>
    <subfield code="u">http://mediaarchive.cern.ch/MediaArchive/Video/Public/Conferences/1994/CERN-VIDEO-C-178-D/CERN-VIDEO-C-178-D-thumbnail-80x60-at-70-percent.jpg</subfield>
    <subfield code="x">jpgthumbnail</subfield>
    <subfield code="y">thumbnail 80x60 at 70 percent</subfield>
  </datafield>
  <datafield tag="856" ind1="7" ind2=" ">
    <subfield code="2">MediaArchive</subfield>
    <subfield code="u">http://mediaarchive.cern.ch/MediaArchive/Video/Public/Conferences/1994/CERN-VIDEO-C-178-D/CERN-VIDEO-C-178-D-thumbnail-80x60-at-80-percent.jpg</subfield>
    <subfield code="x">jpgthumbnail</subfield>
    <subfield code="y">thumbnail 80x60 at 80 percent</subfield>
  </datafield>
  <datafield tag="856" ind1="7" ind2=" ">
    <subfield code="2">MediaArchive</subfield>
    <subfield code="u">http://mediaarchive.cern.ch/MediaArchive/Video/Public/Conferences/1994/CERN-VIDEO-C-178-D/CERN-VIDEO-C-178-D-thumbnail-80x60-at-90-percent.jpg</subfield>
    <subfield code="x">jpgthumbnail</subfield>
    <subfield code="y">thumbnail 80x60 at 90 percent</subfield>
  </datafield>
  <datafield tag="856" ind1="7" ind2=" ">
    <subfield code="2">EOS</subfield>
    <subfield code="8">b</subfield>
    <subfield code="d">/eos/media/cds/public/www/digital-memory/media-archive/video/open/mkv/280543-b.mkv</subfield>
    <subfield code="q">MKV</subfield>
    <subfield code="s">66116832952</subfield>
    <subfield code="w">(PICTURAE:MD5)pm_S1V1_280543-b.mkv;72be69faa489844427b5c9edda2663b5</subfield>
  </datafield>
  <datafield tag="856" ind1="7" ind2=" ">
    <subfield code="2">EOS</subfield>
    <subfield code="8">b</subfield>
    <subfield code="d">/eos/media/cds/public/www/digital-memory/media-archive/video/open/mov/280543-b.mov</subfield>
    <subfield code="q">MOV</subfield>
    <subfield code="s">17109242046</subfield>
    <subfield code="w">(PICTURAE:MD5)am_S1V1_280543-b.mov;97a7fbda623ba82e135071bfa2f92f56</subfield>
  </datafield>
  <datafield tag="856" ind1="7" ind2=" ">
    <subfield code="2">EOS</subfield>
    <subfield code="8">c</subfield>
    <subfield code="d">/eos/media/cds/public/www/digital-memory/media-archive/video/open/mkv/280543-c.mkv</subfield>
    <subfield code="q">MKV</subfield>
    <subfield code="s">63980944269</subfield>
    <subfield code="w">(PICTURAE:MD5)pm_S1V1_280543-c.mkv;570e783ea6ad5ca9e94a189503b42e38</subfield>
  </datafield>
  <datafield tag="856" ind1="7" ind2=" ">
    <subfield code="2">EOS</subfield>
    <subfield code="8">c</subfield>
    <subfield code="d">/eos/media/cds/public/www/digital-memory/media-archive/video/open/mov/280543-c.mov</subfield>
    <subfield code="q">MOV</subfield>
    <subfield code="s">17595943184</subfield>
    <subfield code="w">(PICTURAE:MD5)am_S1V1_280543-c.mov;424ac0fe03da10d7d15231932b2caf77</subfield>
  </datafield>
  <datafield tag="856" ind1="7" ind2=" ">
    <subfield code="2">EOS</subfield>
    <subfield code="8">a</subfield>
    <subfield code="d">/eos/media/cds/public/www/digital-memory/media-archive/video/open/mkv/280543-a.mkv</subfield>
    <subfield code="q">MKV</subfield>
    <subfield code="s">63363359506</subfield>
    <subfield code="w">(PICTURAE:MD5)pm_S1V1_280543-a.mkv;628fddebb228b21522a9da213f94d3ac</subfield>
  </datafield>
  <datafield tag="856" ind1="7" ind2=" ">
    <subfield code="2">EOS</subfield>
    <subfield code="8">a</subfield>
    <subfield code="d">/eos/media/cds/public/www/digital-memory/media-archive/video/open/mov/280543-a.mov</subfield>
    <subfield code="q">MOV</subfield>
    <subfield code="s">16500092187</subfield>
    <subfield code="w">(PICTURAE:MD5)am_S1V1_280543-a.mov;91e64bb7860a0e22adfe992338dac0df</subfield>
  </datafield>
  <datafield tag="856" ind1="4" ind2=" ">
    <subfield code="2">EOS</subfield>
    <subfield code="q">MP4</subfield>
    <subfield code="u">https://cern.ch/digital-memory/media-archive/video/open/mp4/280543-d.mp4</subfield>
    <subfield code="y">Video-280543-d</subfield>
    <subfield code="z">mp4 video format (640x360)</subfield>
    <subfield code="w">(PICTURAE:MD5)ac_S1V1_280543-d.mp4;a148561cd33bdc29a37b176f8095ffae</subfield>
  </datafield>
  <datafield tag="856" ind1="7" ind2=" ">
    <subfield code="2">EOS</subfield>
    <subfield code="q">MOV</subfield>
    <subfield code="d">/eos/media/cds/public/www/digital-memory/media-archive/video/open/mov/280543-c.mov</subfield>
    <subfield code="w">(PICTURAE:MD5)am_S1V1_280543-c.mov;0c98db3fe4dad7eb8b71523d0b0fe6bf</subfield>
  </datafield>
  <datafield tag="856" ind1="7" ind2=" ">
    <subfield code="2">EOS</subfield>
    <subfield code="q">MOV</subfield>
    <subfield code="d">/eos/media/cds/public/www/digital-memory/media-archive/video/open/mov/280543-d.mov</subfield>
    <subfield code="w">(PICTURAE:MD5)am_S1V1_280543-d.mov;3d466a007c00d9d1f5824fc3851f5cd8</subfield>
  </datafield>
  <datafield tag="856" ind1="7" ind2=" ">
    <subfield code="2">EOS</subfield>
    <subfield code="q">MKV</subfield>
    <subfield code="d">/eos/media/cds/public/www/digital-memory/media-archive/video/open/mkv/280543-c.mkv</subfield>
    <subfield code="w">(PICTURAE:MD5)pm_S1V1_280543-c.mkv;03ece4d2d7e69d0751d55b4cf45b3933</subfield>
  </datafield>
  <datafield tag="856" ind1="7" ind2=" ">
    <subfield code="2">EOS</subfield>
    <subfield code="q">MKV</subfield>
    <subfield code="d">/eos/media/cds/public/www/digital-memory/media-archive/video/open/mkv/280543-d.mkv</subfield>
    <subfield code="w">(PICTURAE:MD5)pm_S1V1_280543-d.mkv;2a87f188c94bab74cd2841cd5871b2fa</subfield>
  </datafield>
  <datafield tag="901" ind1=" " ind2=" ">
    <subfield code="u">CERN</subfield>
  </datafield>
  <datafield tag="916" ind1=" " ind2=" ">
    <subfield code="s">n</subfield>
    <subfield code="w">200145</subfield>
  </datafield>
  <datafield tag="960" ind1=" " ind2=" ">
    <subfield code="a">200</subfield>
  </datafield>
  <datafield tag="961" ind1=" " ind2=" ">
    <subfield code="c">20080429</subfield>
    <subfield code="h">2025</subfield>
    <subfield code="l">CER01</subfield>
    <subfield code="x">19950421</subfield>
  </datafield>
  <datafield tag="961" ind1=" " ind2=" ">
    <subfield code="a">Tom Barth\xc3\xa9l\xc3\xa9my</subfield>
    <subfield code="b">Curator</subfield>
    <subfield code="x">2021-03-01</subfield>
  </datafield>
  <datafield tag="962" ind1=" " ind2=" ">
    <subfield code="b">524897</subfield>
    <subfield code="n">cern940901</subfield>
  </datafield>
  <datafield tag="963" ind1=" " ind2=" ">
    <subfield code="a">PUBLIC</subfield>
  </datafield>
  <datafield tag="963" ind1=" " ind2=" ">
    <subfield code="9">review</subfield>
    <subfield code="a">PUBLIC</subfield>
  </datafield>
  <datafield tag="963" ind1=" " ind2=" ">
    <subfield code="9">review
</subfield>
    <subfield code="a">PUBLIC</subfield>
    <subfield code="8">c</subfield>
  </datafield>
  <datafield tag="964" ind1=" " ind2=" ">
    <subfield code="a">0008</subfield>
  </datafield>
  <datafield tag="970" ind1=" " ind2=" ">
    <subfield code="a">000200610CER</subfield>
  </datafield>
  <datafield tag="980" ind1=" " ind2=" ">
    <subfield code="a">VIDEOARC</subfield>
  </datafield>
  <datafield tag="980" ind1=" " ind2=" ">
    <subfield code="a">Indico</subfield>
    <subfield code="b">ACAD</subfield>
  </datafield>
</record>